day;timestamp;product;bid_price_1;bid_volume_1;bid_price_2;bid_volume_2;bid_price_3;bid_volume_3;ask_price_1;ask_volume_1;ask_price_2;ask_volume_2;ask_price_3;ask_volume_3;mid_price;profit_and_loss
-1;0;RAINFOREST_RESIN;10002;1;9996;2;9995;29;10004;2;10005;29;;;10003.0;0.0
-1;0;KELP;2028;1;2026;2;2025;29;2029;31;;;;;2028.5;0.0
-1;100;KELP;2025;24;;;;;2028;2;2029;22;;;2026.5;0.0
-1;100;RAINFOREST_RESIN;9996;2;9995;22;;;10004;2;10005;22;;;10000.0;3.0
-1;200;RAINFOREST_RESIN;9995;20;;;;;10005;20;;;;;10000.0;3.0
-1;200;KELP;2025;22;;;;;2028;20;;;;;2026.5;0.0
-1;300;KELP;2025;31;;;;;2028;2;2029;29;;;2026.5;-22.9453125
-1;300;RAINFOREST_RESIN;9996;2;9995;29;;;10004;2;10005;29;;;10000.0;3.0
-1;400;RAINFOREST_RESIN;9996;2;9995;25;;;10004;2;10005;25;;;10000.0;3.0
-1;400;KELP;2025;27;;;;;2028;27;;;;;2026.5;-93.359375
-1;500;KELP;2025;30;;;;;2028;30;;;;;2026.5;-105.296875
-1;500;RAINFOREST_RESIN;9995;30;;;;;10002;4;10005;30;;;9998.5;3.0
-1;600;RAINFOREST_RESIN;10000;5;9995;25;;;10005;25;;;;;10002.5;3.0
-1;600;KELP;2026;5;2025;31;;;2028;25;;;;;2027.0;-117.1171875
-1;700;KELP;2025;2;2024;23;;;2028;23;;;;;2026.5;-135.046875
-1;700;RAINFOREST_RESIN;9995;23;;;;;10005;23;;;;;10000.0;3.0
-1;800;RAINFOREST_RESIN;9996;1;9995;29;;;10004;1;10005;29;;;10000.0;3.0
-1;800;KELP;2024;1;2023;29;;;2027;30;;;;;2025.5;-167.4921875
-1;900;KELP;2024;23;;;;;2027;23;;;;;2025.5;-142.8125
-1;900;RAINFOREST_RESIN;9996;1;9995;22;;;10004;1;10005;22;;;10000.0;3.0
-1;1000;RAINFOREST_RESIN;9995;26;;;;;10005;26;;;;;10000.0;3.0
-1;1000;KELP;2024;26;;;;;2026;6;2027;26;;;2025.0;-141.015625
-1;1100;KELP;2025;6;2024;26;;;2027;2;2028;24;;;2026.0;-135.453125
-1;1100;RAINFOREST_RESIN;9996;2;9995;24;;;10004;2;10005;24;;;10000.0;3.0
-1;1200;RAINFOREST_RESIN;9995;21;;;;;9998;1;10005;21;;;9996.5;13.0
-1;1200;KELP;2024;21;;;;;2026;8;2028;21;;;2025.0;-129.828125
-1;1300;KELP;2024;31;;;;;2028;31;;;;;2026.0;-129.015625
-1;1300;RAINFOREST_RESIN;10002;1;9996;1;9995;30;10004;1;10005;30;;;10003.0;15.0
-1;1400;RAINFOREST_RESIN;9996;1;9995;25;;;10004;1;10005;25;;;10000.0;17.0
-1;1400;KELP;2025;3;2024;25;;;2028;26;;;;;2026.5;-120.3984375
-1;1500;KELP;2024;27;;;;;2028;27;;;;;2026.0;-117.796875
-1;1500;RAINFOREST_RESIN;9995;27;;;;;10005;27;;;;;10000.0;17.0
-1;1600;RAINFOREST_RESIN;9995;29;;;;;10005;29;;;;;10000.0;17.0
-1;1600;KELP;2024;29;;;;;2026;4;2028;29;;;2025.0;-122.3203125
-1;1700;KELP;2024;22;;;;;2026;8;2028;22;;;2025.0;-126.5625
-1;1700;RAINFOREST_RESIN;9996;2;9995;20;;;10002;1;10004;2;10005;20;9999.0;17.0
-1;1800;RAINFOREST_RESIN;10002;1;9996;1;9995;22;10004;1;10005;22;;;10003.0;17.0
-1;1800;KELP;2024;23;;;;;2028;23;;;;;2026.0;-132.2734375
-1;1900;KELP;2024;29;;;;;2026;5;2027;29;;;2025.0;-147.4296875
-1;1900;RAINFOREST_RESIN;9996;1;9995;28;;;10004;1;10005;28;;;10000.0;17.0
-1;2000;KELP;2024;26;;;;;2027;26;;;;;2025.5;-146.2421875
-1;2000;RAINFOREST_RESIN;9996;2;9995;24;;;9998;1;10004;2;10005;24;9997.0;17.0
-1;2100;RAINFOREST_RESIN;9996;2;9995;25;;;10002;3;10004;2;10005;25;9999.0;19.0
-1;2100;KELP;2024;27;;;;;2027;2;2028;25;;;2025.5;-137.390625
-1;2200;RAINFOREST_RESIN;9998;8;9996;1;9995;24;10004;1;10005;24;;;10001.0;19.0
-1;2200;KELP;2024;25;;;;;2026;7;2027;1;2028;24;2025.0;-134.859375
-1;2300;KELP;2024;32;;;;;2028;32;;;;;2026.0;-127.9609375
-1;2300;RAINFOREST_RESIN;9998;7;9996;2;9995;30;10004;2;10005;30;;;10001.0;19.0
-1;2400;KELP;2024;29;;;;;2025;1;2028;29;;;2024.5;-124.4453125
-1;2400;RAINFOREST_RESIN;9995;29;;;;;10005;29;;;;;10000.0;19.0
-1;2500;RAINFOREST_RESIN;9996;1;9995;22;;;10004;1;10005;22;;;10000.0;19.0
-1;2500;KELP;2025;2;2024;23;;;2027;1;2028;22;;;2026.0;-134.234375
-1;2600;RAINFOREST_RESIN;9995;23;;;;;10005;23;;;;;10000.0;19.0
-1;2600;KELP;2025;3;2024;23;;;2028;23;;;;;2026.5;-134.1015625
-1;2700;KELP;2024;26;;;;;2027;26;;;;;2025.5;-140.609375
-1;2700;RAINFOREST_RESIN;9998;6;9995;26;;;10005;26;;;;;10001.5;19.0
-1;2800;KELP;2023;25;;;;;2027;25;;;;;2025.0;-172.4609375
-1;2800;RAINFOREST_RESIN;9995;25;;;;;10005;25;;;;;10000.0;19.0
-1;2900;RAINFOREST_RESIN;9996;1;9995;25;;;10004;1;10005;25;;;10000.0;19.0
-1;2900;KELP;2023;26;;;;;2027;26;;;;;2025.0;-178.546875
-1;3000;RAINFOREST_RESIN;9998;1;9995;26;;;10005;26;;;;;10001.5;43.0
-1;3000;KELP;2024;29;;;;;2027;26;;;;;2025.5;-162.09375
-1;3100;KELP;2023;26;;;;;2025;5;2026;26;;;2024.0;-211.671875
-1;3100;RAINFOREST_RESIN;9996;2;9995;24;;;10004;2;10005;24;;;10000.0;44.0
-1;3200;KELP;2023;23;;;;;2025;3;2026;23;;;2024.0;-202.8359375
-1;3200;RAINFOREST_RESIN;9996;1;9995;22;;;10004;1;10005;22;;;10000.0;48.0
-1;3300;RAINFOREST_RESIN;9996;2;9995;30;;;10004;2;10005;30;;;10000.0;52.0
-1;3300;KELP;2023;32;;;;;2025;2;2026;32;;;2024.0;-195.8046875
-1;3400;RAINFOREST_RESIN;9996;2;9995;24;;;10004;2;10005;24;;;10000.0;52.0
-1;3400;KELP;2023;26;;;;;2026;26;;;;;2024.5;-197.1796875
-1;3500;KELP;2023;26;;;;;2026;26;;;;;2024.5;-196.34375
-1;3500;RAINFOREST_RESIN;9995;26;;;;;10005;26;;;;;10000.0;52.0
-1;3600;KELP;2023;21;;;;;2026;21;;;;;2024.5;-196.515625
-1;3600;RAINFOREST_RESIN;9995;21;;;;;9998;4;10005;21;;;9996.5;52.0
-1;3700;RAINFOREST_RESIN;10002;1;9996;1;9995;23;10004;1;10005;23;;;10003.0;60.0
-1;3700;KELP;2023;27;;;;;2026;24;;;;;2024.5;-211.609375
-1;3800;RAINFOREST_RESIN;9996;2;9995;23;;;10002;10;10004;2;10005;23;9999.0;62.0
-1;3800;KELP;2023;25;;;;;2026;25;;;;;2024.5;-212.125
-1;3900;KELP;2023;28;;;;;2026;26;;;;;2024.5;-207.7890625
-1;3900;RAINFOREST_RESIN;9998;1;9996;1;9995;25;10004;1;10005;25;;;10001.0;64.0
-1;4000;KELP;2023;32;;;;;2026;32;;;;;2024.5;-198.0078125
-1;4000;RAINFOREST_RESIN;9996;2;9995;30;;;10004;2;10005;30;;;10000.0;64.0
-1;4100;RAINFOREST_RESIN;9996;2;9995;27;;;10004;2;10005;27;;;10000.0;64.0
-1;4100;KELP;2023;29;;;;;2027;29;;;;;2025.0;-179.421875
-1;4200;RAINFOREST_RESIN;9996;2;9995;24;;;10002;4;10004;2;10005;24;9999.0;64.0
-1;4200;KELP;2023;26;;;;;2027;26;;;;;2025.0;-180.1796875
-1;4300;KELP;2023;29;;;;;2024;5;2026;22;;;2023.5;-199.25
-1;4300;RAINFOREST_RESIN;9995;22;;;;;9998;1;10000;6;10005;22;9996.5;80.0
-1;4400;KELP;2023;30;;;;;2026;30;;;;;2024.5;-196.6484375
-1;4400;RAINFOREST_RESIN;9995;30;;;;;10005;30;;;;;10000.0;88.0
-1;4500;RAINFOREST_RESIN;9996;1;9995;28;;;10002;10;10004;1;10005;28;9999.0;88.0
-1;4500;KELP;2023;28;;;;;2026;29;;;;;2024.5;-201.2734375
-1;4600;RAINFOREST_RESIN;9996;1;9995;29;;;10002;10;10004;1;10005;29;9999.0;88.0
-1;4600;KELP;2023;30;;;;;2026;30;;;;;2024.5;-243.74609375
-1;4700;KELP;2023;25;;;;;2025;3;2026;32;;;2024.0;-659.484375
-1;4700;RAINFOREST_RESIN;9996;2;9995;30;;;10004;2;10005;30;;;10000.0;88.0
-1;4800;KELP;2023;24;;;;;2027;24;;;;;2025.0;-670.25
-1;4800;RAINFOREST_RESIN;9998;6;9996;2;9995;22;10004;2;10005;22;;;10001.0;88.0
-1;4900;RAINFOREST_RESIN;9995;22;;;;;10002;7;10005;22;;;9998.5;90.0
-1;4900;KELP;2023;22;;;;;2027;22;;;;;2025.0;-673.34375
-1;5000;RAINFOREST_RESIN;9998;3;9996;2;9995;28;10004;2;10005;28;;;10001.0;90.0
-1;5000;KELP;2023;30;;;;;2026;30;;;;;2024.5;-652.171875
-1;5100;KELP;2023;37;;;;;2026;31;;;;;2024.5;-653.2578125
-1;5100;RAINFOREST_RESIN;9996;1;9995;30;;;10004;1;10005;30;;;10000.0;90.0
-1;5200;KELP;2023;35;;;;;2026;27;;;;;2024.5;-651.65625
-1;5200;RAINFOREST_RESIN;9998;9;9996;1;9995;26;10004;1;10005;26;;;10001.0;90.0
-1;5300;RAINFOREST_RESIN;9996;1;9995;20;;;10004;1;10005;20;;;10000.0;90.0
-1;5300;KELP;2025;1;2023;21;;;2026;21;;;;;2025.5;-653.7421875
-1;5400;RAINFOREST_RESIN;9995;21;;;;;10005;21;;;;;10000.0;90.0
-1;5400;KELP;2023;21;;;;;2025;6;2027;21;;;2024.0;-671.0625
-1;5500;KELP;2023;27;;;;;2027;27;;;;;2025.0;-676.140625
-1;5500;RAINFOREST_RESIN;9995;27;;;;;10005;27;;;;;10000.0;90.0
-1;5600;KELP;2025;2;2023;28;;;2027;28;;;;;2026.0;-678.265625
-1;5600;RAINFOREST_RESIN;9995;28;;;;;10005;28;;;;;10000.0;90.0
-1;5700;RAINFOREST_RESIN;9998;2;9995;27;;;10005;27;;;;;10001.5;90.0
-1;5700;KELP;2024;26;;;;;2027;27;;;;;2025.5;-682.2109375
-1;5800;RAINFOREST_RESIN;9996;1;9995;30;;;10004;1;10005;30;;;10000.0;90.0
-1;5800;KELP;2024;31;;;;;2027;31;;;;;2025.5;-706.3203125
-1;5900;KELP;2024;35;;;;;2027;30;;;;;2025.5;-702.375
-1;5900;RAINFOREST_RESIN;9996;2;9995;28;;;10004;2;10005;28;;;10000.0;90.0
-1;6000;KELP;2024;30;;;;;2027;30;;;;;2025.5;-699.9453125
-1;6000;RAINFOREST_RESIN;9995;30;;;;;10005;30;;;;;10000.0;90.0
-1;6100;RAINFOREST_RESIN;9996;1;9995;24;;;10004;1;10005;24;;;10000.0;90.0
-1;6100;KELP;2024;24;;;;;2027;25;;;;;2025.5;-699.96875
-1;6200;RAINFOREST_RESIN;9996;1;9995;21;;;10004;1;10005;21;;;10000.0;90.0
-1;6200;KELP;2024;22;;;;;2027;22;;;;;2025.5;-702.6171875
-1;6300;KELP;2024;30;;;;;2027;25;;;;;2025.5;-713.796875
-1;6300;RAINFOREST_RESIN;9996;2;9995;23;;;10004;2;10005;23;;;10000.0;90.0
-1;6400;KELP;2024;25;;;;;2027;25;;;;;2025.5;-712.703125
-1;6400;RAINFOREST_RESIN;9996;1;9995;24;;;10004;1;10005;24;;;10000.0;90.0
-1;6500;RAINFOREST_RESIN;9996;1;9995;26;;;9998;1;10004;1;10005;26;9997.0;90.0
-1;6500;KELP;2024;27;;;;;2027;27;;;;;2025.5;-702.0390625
-1;6600;RAINFOREST_RESIN;9996;2;9995;24;;;10004;2;10005;24;;;10000.0;92.0
-1;6600;KELP;2024;26;;;;;2028;26;;;;;2026.0;-727.09375
-1;6700;KELP;2025;7;2024;20;;;2028;20;;;;;2026.5;-734.609375
-1;6700;RAINFOREST_RESIN;9995;20;;;;;10002;3;10005;20;;;9998.5;100.0
-1;6800;KELP;2024;32;;;;;2026;8;2027;2;2028;30;2025.0;-717.4453125
-1;6800;RAINFOREST_RESIN;9996;2;9995;30;;;10004;2;10005;30;;;10000.0;100.0
-1;6900;RAINFOREST_RESIN;9996;1;9995;26;;;10002;5;10004;1;10005;26;9999.0;100.0
-1;6900;KELP;2024;27;;;;;2026;1;2027;27;;;2025.0;-708.78125
-1;7000;RAINFOREST_RESIN;9998;2;9995;27;;;10005;27;;;;;10001.5;100.0
-1;7000;KELP;2026;4;2024;27;;;2027;27;;;;;2026.5;-711.421875
-1;7100;KELP;2024;30;;;;;2027;30;;;;;2025.5;-701.2734375
-1;7100;RAINFOREST_RESIN;9996;1;9995;29;;;10004;1;10005;29;;;10000.0;100.0
-1;7200;KELP;2024;28;;;;;2027;28;;;;;2025.5;-695.796875
-1;7200;RAINFOREST_RESIN;9998;5;9996;1;9995;27;10004;1;10005;27;;;10001.0;100.0
-1;7300;RAINFOREST_RESIN;10002;1;9996;2;9995;29;10004;2;10005;29;;;10003.0;100.0
-1;7300;KELP;2024;35;;;;;2027;31;;;;;2025.5;-695.390625
-1;7400;RAINFOREST_RESIN;9996;1;9995;22;;;10004;1;10005;22;;;10000.0;106.0
-1;7400;KELP;2024;22;;;;;2027;23;;;;;2025.5;-747.5390625
-1;7500;KELP;2024;25;;;;;2027;25;;;;;2025.5;-781.6328125
-1;7500;RAINFOREST_RESIN;9995;25;;;;;10002;10;10005;25;;;9998.5;106.0
-1;7600;KELP;2024;22;;;;;2027;22;;;;;2025.5;-793.9765625
-1;7600;RAINFOREST_RESIN;9996;2;9995;20;;;10004;2;10005;20;;;10000.0;106.0
-1;7700;RAINFOREST_RESIN;9995;22;;;;;10005;22;;;;;10000.0;106.0
-1;7700;KELP;2024;21;;;;;2027;22;;;;;2025.5;-792.9609375
-1;7800;RAINFOREST_RESIN;9998;3;9996;1;9995;22;10004;1;10005;22;;;10001.0;106.0
-1;7800;KELP;2024;23;;;;;2027;23;;;;;2025.5;-792.0546875
-1;7900;KELP;2024;31;;;;;2027;27;;;;;2025.5;-791.5078125
-1;7900;RAINFOREST_RESIN;9996;1;9995;26;;;10004;1;10005;26;;;10000.0;106.0
-1;8000;KELP;2024;27;;;;;2026;8;2027;27;;;2025.0;-786.21875
-1;8000;RAINFOREST_RESIN;9995;27;;;;;10005;27;;;;;10000.0;106.0
-1;8100;RAINFOREST_RESIN;9996;1;9995;22;;;10004;1;10005;22;;;10000.0;106.0
-1;8100;KELP;2023;23;;;;;2027;23;;;;;2025.0;-766.9375
-1;8200;RAINFOREST_RESIN;9995;23;;;;;10005;23;;;;;10000.0;109.0
-1;8200;KELP;2023;23;;;;;2025;1;2026;23;;;2024.0;-759.4140625
-1;8300;KELP;2023;30;;;;;2026;30;;;;;2024.5;-742.0
-1;8300;RAINFOREST_RESIN;9996;1;9995;29;;;10004;1;10005;29;;;10000.0;109.0
-1;8400;RAINFOREST_RESIN;9995;28;;;;;10005;28;;;;;10000.0;109.0
-1;8400;KELP;2023;28;;;;;2026;28;;;;;2024.5;-742.890625
-1;8500;KELP;2023;31;;;;;2026;31;;;;;2024.5;-738.9453125
-1;8500;RAINFOREST_RESIN;9998;10;9996;2;9995;29;10004;2;10005;29;;;10001.0;109.0
-1;8600;RAINFOREST_RESIN;9996;1;9995;22;;;10004;1;10005;22;;;10000.0;109.0
-1;8600;KELP;2023;22;;;;;2026;23;;;;;2024.5;-747.1015625
-1;8700;KELP;2023;27;;;;;2025;4;2026;27;;;2024.0;-755.6875
-1;8700;RAINFOREST_RESIN;9998;10;9995;27;;;10005;27;;;;;10001.5;109.0
-1;8800;RAINFOREST_RESIN;9995;25;;;;;9998;1;10005;25;;;9996.5;109.0
-1;8800;KELP;2024;7;2023;25;;;2027;25;;;;;2025.5;-770.546875
-1;8900;KELP;2024;1;2023;26;;;2027;26;;;;;2025.5;-767.9453125
-1;8900;RAINFOREST_RESIN;9998;9;9995;26;;;10005;26;;;;;10001.5;111.0
-1;9000;RAINFOREST_RESIN;9996;2;9995;29;;;10004;2;10005;29;;;10000.0;111.0
-1;9000;KELP;2023;31;;;;;2027;31;;;;;2025.0;-766.8671875
-1;9100;KELP;2023;29;;;;;2026;2;2027;27;;;2024.5;-762.7265625
-1;9100;RAINFOREST_RESIN;9998;3;9996;2;9995;27;10004;2;10005;27;;;10001.0;111.0
-1;9200;RAINFOREST_RESIN;9998;10;9995;27;;;10005;27;;;;;10001.5;111.0
-1;9200;KELP;2023;27;;;;;2025;7;2026;27;;;2024.0;-760.078125
-1;9300;KELP;2023;21;;;;;2026;21;;;;;2024.5;-751.0
-1;9300;RAINFOREST_RESIN;9996;1;9995;20;;;10004;1;10005;20;;;10000.0;111.0
-1;9400;RAINFOREST_RESIN;9998;2;9996;2;9995;21;10004;2;10005;21;;;10001.0;111.0
-1;9400;KELP;2023;23;;;;;2026;23;;;;;2024.5;-746.75
-1;9500;KELP;2023;35;;;;;2026;31;;;;;2024.5;-750.2265625
-1;9500;RAINFOREST_RESIN;9996;1;9995;30;;;10004;1;10005;30;;;10000.0;111.0
-1;9600;RAINFOREST_RESIN;9996;1;9995;30;;;10004;1;10005;30;;;10000.0;111.0
-1;9600;KELP;2023;31;;;;;2026;31;;;;;2024.5;-742.578125
-1;9700;KELP;2023;22;;;;;2026;22;;;;;2024.5;-791.1796875
-1;9700;RAINFOREST_RESIN;9995;22;;;;;10002;1;10005;22;;;9998.5;111.0
-1;9800;RAINFOREST_RESIN;9995;26;;;;;10005;26;;;;;10000.0;111.0
-1;9800;KELP;2023;26;;;;;2026;26;;;;;2024.5;-792.09765625
-1;9900;KELP;2025;4;2023;25;;;2026;25;;;;;2025.5;-795.76171875
-1;9900;RAINFOREST_RESIN;9995;25;;;;;10005;25;;;;;10000.0;111.0
-1;10000;RAINFOREST_RESIN;9995;28;;;;;10005;28;;;;;10000.0;111.0
-1;10000;KELP;2023;36;;;;;2026;28;;;;;2024.5;-795.33203125
-1;10100;KELP;2023;25;;;;;2026;25;;;;;2024.5;-833.9453125
-1;10100;RAINFOREST_RESIN;9996;1;9995;24;;;10002;3;10004;1;10005;24;9999.0;111.0
-1;10200;RAINFOREST_RESIN;9996;2;9995;26;;;10004;2;10005;26;;;10000.0;111.0
-1;10200;KELP;2022;28;;;;;2026;28;;;;;2024.0;-889.71875
-1;10300;KELP;2024;1;2022;35;;;2025;27;;;;;2024.5;-935.078125
-1;10300;RAINFOREST_RESIN;9998;4;9995;27;;;10005;27;;;;;10001.5;111.0
-1;10400;RAINFOREST_RESIN;10002;1;9996;1;9995;28;10004;1;10005;28;;;10003.0;111.0
-1;10400;KELP;2023;1;2022;29;;;2026;29;;;;;2024.5;-902.671875
-1;10500;KELP;2023;2;2022;29;;;2026;31;;;;;2024.5;-898.0
-1;10500;RAINFOREST_RESIN;9998;4;9996;2;9995;29;10004;2;10005;29;;;10001.0;113.0
-1;10600;RAINFOREST_RESIN;9996;2;9995;29;;;10000;4;10004;2;10005;29;9998.0;113.0
-1;10600;KELP;2022;31;;;;;2023;4;2024;4;2025;31;2022.5;-926.125
-1;10700;KELP;2022;29;;;;;2025;28;;;;;2023.5;-931.921875
-1;10700;RAINFOREST_RESIN;9998;8;9995;28;;;10005;28;;;;;10001.5;113.0
-1;10800;RAINFOREST_RESIN;9998;5;9996;2;9995;22;10004;2;10005;22;;;10001.0;113.0
-1;10800;KELP;2022;27;;;;;2025;24;;;;;2023.5;-927.5234375
-1;10900;KELP;2022;35;;;;;2025;28;;;;;2023.5;-928.828125
-1;10900;RAINFOREST_RESIN;9996;1;9995;27;;;10004;1;10005;27;;;10000.0;137.0
-1;11000;KELP;2024;7;2022;24;;;2025;24;;;;;2024.5;-928.9609375
-1;11000;RAINFOREST_RESIN;9995;24;;;;;10002;7;10005;24;;;9998.5;137.0
-1;11100;RAINFOREST_RESIN;9998;3;9995;21;;;10005;21;;;;;10001.5;137.0
-1;11100;KELP;2022;21;;;;;2025;21;;;;;2023.5;-926.03125
-1;11200;RAINFOREST_RESIN;9996;2;9995;21;;;10002;7;10004;2;10005;21;9999.0;144.0
-1;11200;KELP;2022;23;;;;;2025;23;;;;;2023.5;-930.046875
-1;11300;KELP;2022;25;;;;;2025;22;;;;;2023.5;-926.28125
-1;11300;RAINFOREST_RESIN;9996;1;9995;21;;;10004;1;10005;21;;;10000.0;144.0
-1;11400;KELP;2022;26;;;;;2025;26;;;;;2023.5;-920.859375
-1;11400;RAINFOREST_RESIN;9996;1;9995;25;;;10004;1;10005;25;;;10000.0;144.0
-1;11500;RAINFOREST_RESIN;9996;1;9995;25;;;10002;7;10004;1;10005;25;9999.0;148.0
-1;11500;KELP;2022;26;;;;;2024;8;2025;26;;;2023.0;-922.9375
-1;11600;RAINFOREST_RESIN;9996;2;9995;27;;;10002;2;10004;2;10005;27;9999.0;148.0
-1;11600;KELP;2022;29;;;;;2026;29;;;;;2024.0;-899.4609375
-1;11700;KELP;2022;23;;;;;2023;2;2026;23;;;2022.5;-908.75
-1;11700;RAINFOREST_RESIN;9996;2;9995;21;;;10004;2;10005;21;;;10000.0;148.0
-1;11800;KELP;2022;29;;;;;2024;4;2026;29;;;2023.0;-895.890625
-1;11800;RAINFOREST_RESIN;9998;10;9995;29;;;10000;5;10005;29;;;9999.0;148.0
-1;11900;RAINFOREST_RESIN;9996;2;9995;30;;;10004;2;10005;30;;;10000.0;148.0
-1;11900;KELP;2023;2;2022;30;;;2024;3;2026;32;;;2023.5;-897.9140625
-1;12000;RAINFOREST_RESIN;10002;1;9995;20;;;10005;20;;;;;10003.5;148.0
-1;12000;KELP;2023;20;;;;;2026;20;;;;;2024.5;-881.453125
-1;12100;KELP;2023;27;;;;;2025;1;2026;27;;;2024.0;-882.0859375
-1;12100;RAINFOREST_RESIN;9996;2;9995;25;;;10004;2;10005;25;;;10000.0;150.0
-1;12200;KELP;2023;34;;;;;2026;30;;;;;2024.5;-882.75
-1;12200;RAINFOREST_RESIN;9996;2;9995;28;;;10004;2;10005;28;;;10000.0;150.0
-1;12300;RAINFOREST_RESIN;9998;6;9996;1;9995;28;10004;1;10005;28;;;10001.0;150.0
-1;12300;KELP;2023;29;;;;;2026;29;;;;;2024.5;-879.65625
-1;12400;RAINFOREST_RESIN;9995;26;;;;;10005;26;;;;;10000.0;150.0
-1;12400;KELP;2023;30;;;;;2026;26;;;;;2024.5;-877.1953125
-1;12500;KELP;2023;19;;;;;2026;20;;;;;2024.5;-883.4453125
-1;12500;RAINFOREST_RESIN;9995;20;;;;;10005;20;;;;;10000.0;150.0
-1;12600;KELP;2023;22;;;;;2026;22;;;;;2024.5;-914.4921875
-1;12600;RAINFOREST_RESIN;9995;22;;;;;10005;22;;;;;10000.0;150.0
-1;12700;RAINFOREST_RESIN;9996;2;9995;20;;;10004;2;10005;20;;;10000.0;150.0
-1;12700;KELP;2023;22;;;;;2026;22;;;;;2024.5;-942.40234375
-1;12800;RAINFOREST_RESIN;9996;2;9995;20;;;10004;2;10005;20;;;10000.0;150.0
-1;12800;KELP;2023;22;;;;;2026;22;;;;;2024.5;-974.107421875
-1;12900;KELP;2023;36;;;;;2026;29;;;;;2024.5;-1033.015625
-1;12900;RAINFOREST_RESIN;9996;1;9995;28;;;10002;3;10004;1;10005;28;9999.0;150.0
-1;13000;KELP;2025;1;2023;6;2022;20;2026;20;;;;;2025.5;-1012.2109375
-1;13000;RAINFOREST_RESIN;10002;1;9995;20;;;10005;20;;;;;10003.5;150.0
-1;13100;RAINFOREST_RESIN;9996;1;9995;25;;;10004;1;10005;25;;;10000.0;152.0
-1;13100;KELP;2023;33;;;;;2026;26;;;;;2024.5;-1019.3125
-1;13200;RAINFOREST_RESIN;9998;2;9995;22;;;10005;22;;;;;10001.5;152.0
-1;13200;KELP;2022;22;;;;;2025;5;2026;22;;;2023.5;-1015.6640625
-1;13300;KELP;2023;6;2022;24;;;2026;24;;;;;2024.5;-1058.1953125
-1;13300;RAINFOREST_RESIN;9995;24;;;;;10005;24;;;;;10000.0;152.0
-1;13400;KELP;2023;32;;;;;2026;32;;;;;2024.5;-1059.0625
-1;13400;RAINFOREST_RESIN;9996;2;9995;30;;;10004;2;10005;30;;;10000.0;154.0
-1;13500;RAINFOREST_RESIN;9995;30;;;;;10005;30;;;;;10000.0;154.0
-1;13500;KELP;2022;30;;;;;2025;8;2026;30;;;2023.5;-1058.78515625
-1;13600;RAINFOREST_RESIN;9995;25;;;;;10002;10;10005;25;;;9998.5;154.0
-1;13600;KELP;2023;24;;;;;2025;3;2026;25;;;2024.0;-1062.3125
-1;13700;KELP;2023;25;;;;;2026;21;;;;;2024.5;-1062.390625
-1;13700;RAINFOREST_RESIN;9996;1;9995;20;;;9998;4;10004;1;10005;20;9997.0;154.0
-1;13800;KELP;2023;23;;;;;2026;22;;;;;2024.5;-1096.851318359375
-1;13800;RAINFOREST_RESIN;9996;2;9995;20;;;10004;2;10005;20;;;10000.0;162.0
-1;13900;RAINFOREST_RESIN;9996;2;9995;20;;;10000;6;10004;2;10005;20;9998.0;162.0
-1;13900;KELP;2023;22;;;;;2024;6;2025;4;2026;22;2023.5;-1575.390625
-1;14000;RAINFOREST_RESIN;9998;5;9996;2;9995;27;10004;2;10005;27;;;10001.0;162.0
-1;14000;KELP;2023;3;2022;29;;;2026;29;;;;;2024.5;-1584.609375
-1;14100;KELP;2023;25;;;;;2025;1;2026;25;;;2024.0;-1568.140625
-1;14100;RAINFOREST_RESIN;9996;2;9995;23;;;10004;2;10005;23;;;10000.0;162.0
-1;14200;KELP;2023;20;;;;;2026;21;;;;;2024.5;-1567.1796875
-1;14200;RAINFOREST_RESIN;9995;21;;;;;10005;21;;;;;10000.0;162.0
-1;14300;RAINFOREST_RESIN;9996;2;9995;27;;;10004;2;10005;27;;;10000.0;162.0
-1;14300;KELP;2022;29;;;;;2026;29;;;;;2024.0;-1609.92578125
-1;14400;RAINFOREST_RESIN;9996;1;9995;29;;;10004;1;10005;29;;;10000.0;162.0
-1;14400;KELP;2023;30;;;;;2026;30;;;;;2024.5;-1667.769775390625
-1;14500;KELP;2023;24;;;;;2026;24;;;;;2024.5;-1753.5390625
-1;14500;RAINFOREST_RESIN;9995;24;;;;;10002;1;10005;24;;;9998.5;162.0
-1;14600;KELP;2022;28;;;;;2024;2;2026;28;;;2023.0;-1743.75
-1;14600;RAINFOREST_RESIN;9996;2;9995;26;;;10000;2;10004;2;10005;26;9998.0;162.0
-1;14700;RAINFOREST_RESIN;9995;30;;;;;10002;7;10005;30;;;9998.5;162.0
-1;14700;KELP;2022;30;;;;;2025;30;;;;;2023.5;-1724.5390625
-1;14800;RAINFOREST_RESIN;9995;28;;;;;10002;6;10005;28;;;9998.5;162.0
-1;14800;KELP;2022;28;;;;;2025;28;;;;;2023.5;-1723.9765625
-1;14900;KELP;2023;4;2022;26;;;2025;26;;;;;2024.0;-1722.5390625
-1;14900;RAINFOREST_RESIN;10000;4;9995;26;;;10005;26;;;;;10002.5;162.0
-1;15000;KELP;2024;8;2022;25;;;2025;25;;;;;2024.5;-1718.453125
-1;15000;RAINFOREST_RESIN;9998;1;9995;25;;;10005;25;;;;;10001.5;162.0
-1;15100;RAINFOREST_RESIN;9995;22;;;;;10005;22;;;;;10000.0;162.0
-1;15100;KELP;2022;27;;;;;2025;22;;;;;2023.5;-1709.234375
-1;15200;RAINFOREST_RESIN;9998;6;9995;27;;;10005;27;;;;;10001.5;162.0
-1;15200;KELP;2022;26;;;;;2025;27;;;;;2023.5;-1708.7109375
-1;15300;KELP;2022;26;;;;;2024;4;2025;26;;;2023.0;-1706.953125
-1;15300;RAINFOREST_RESIN;9995;26;;;;;10002;1;10005;26;;;9998.5;162.0
-1;15400;KELP;2022;35;;;;;2025;30;;;;;2023.5;-1703.9609375
-1;15400;RAINFOREST_RESIN;9996;2;9995;28;;;9998;1;10004;2;10005;28;9997.0;166.0
-1;15500;RAINFOREST_RESIN;10002;1;9996;2;9995;29;10004;2;10005;29;;;10003.0;168.0
-1;15500;KELP;2022;31;;;;;2024;8;2025;31;;;2023.0;-1710.0859375
-1;15600;RAINFOREST_RESIN;9996;2;9995;24;;;10004;2;10005;24;;;10000.0;170.0
-1;15600;KELP;2022;31;;;;;2025;26;;;;;2023.5;-1715.1640625
-1;15700;KELP;2022;25;;;;;2025;25;;;;;2023.5;-1723.1171875
-1;15700;RAINFOREST_RESIN;10002;5;9996;1;9995;24;10004;1;10005;24;;;10003.0;174.0
-1;15800;KELP;2025;1;2022;22;;;2026;22;;;;;2025.5;-1740.4609375
-1;15800;RAINFOREST_RESIN;9998;10;9996;2;9995;20;10004;2;10005;20;;;10001.0;184.0
-1;15900;RAINFOREST_RESIN;9996;2;9995;29;;;10000;6;10004;2;10005;29;9998.0;184.0
-1;15900;KELP;2023;31;;;;;2024;6;2025;2;2026;31;2023.5;-1755.890625
-1;16000;RAINFOREST_RESIN;9996;2;9995;27;;;10002;6;10004;2;10005;27;9999.0;184.0
-1;16000;KELP;2023;29;;;;;2025;2;2026;29;;;2024.0;-1753.4140625
-1;16100;KELP;2022;21;;;;;2023;2;2026;21;;;2022.5;-1731.40625
-1;16100;RAINFOREST_RESIN;9995;21;;;;;10000;2;10002;10;10005;21;9997.5;184.0
-1;16200;KELP;2022;24;;;;;2023;1;2026;24;;;2022.5;-1735.3046875
-1;16200;RAINFOREST_RESIN;9995;24;;;;;9998;1;10005;24;;;9996.5;184.0
-1;16300;RAINFOREST_RESIN;9996;1;9995;22;;;10004;1;10005;22;;;10000.0;184.0
-1;16300;KELP;2023;2;2022;23;;;2026;23;;;;;2024.5;-1733.796875
-1;16400;RAINFOREST_RESIN;9996;2;9995;30;;;10002;3;10004;2;10005;30;9999.0;192.0
-1;16400;KELP;2023;2;2022;30;;;2026;32;;;;;2024.5;-1743.53125
-1;16500;KELP;2023;2;2022;21;;;2026;23;;;;;2024.5;-1744.6328125
-1;16500;RAINFOREST_RESIN;9996;2;9995;21;;;10002;7;10004;2;10005;21;9999.0;192.0
-1;16600;KELP;2022;30;;;;;2023;1;2026;30;;;2022.5;-1739.765625
-1;16600;RAINFOREST_RESIN;9998;4;9996;2;9995;28;10004;2;10005;28;;;10001.0;192.0
-1;16700;RAINFOREST_RESIN;10002;1;9995;26;;;10005;26;;;;;10003.5;192.0
-1;16700;KELP;2025;1;2022;26;;;2026;26;;;;;2025.5;-1743.78125
-1;16800;RAINFOREST_RESIN;9995;26;;;;;10005;26;;;;;10000.0;194.0
-1;16800;KELP;2022;26;;;;;2026;26;;;;;2024.0;-1737.5
-1;16900;KELP;2023;1;2022;25;;;2026;26;;;;;2024.5;-1743.359375
-1;16900;RAINFOREST_RESIN;9996;1;9995;25;;;10004;1;10005;25;;;10000.0;204.0
-1;17000;KELP;2023;29;;;;;2026;29;;;;;2024.5;-1749.3203125
-1;17000;RAINFOREST_RESIN;9998;9;9995;29;;;10005;29;;;;;10001.5;204.0
-1;17100;KELP;2023;23;;;;;2026;23;;;;;2024.5;-1754.5703125
-1;17100;RAINFOREST_RESIN;9996;2;9995;21;;;10004;2;10005;21;;;10000.0;204.0
-1;17200;RAINFOREST_RESIN;9998;3;9996;2;9995;22;10004;2;10005;22;;;10001.0;204.0
-1;17200;KELP;2023;24;;;;;2026;24;;;;;2024.5;-1760.8984375
-1;17300;KELP;2023;25;;;;;2025;6;2026;25;;;2024.0;-1764.9609375
-1;17300;RAINFOREST_RESIN;9996;2;9995;23;;;10002;9;10004;2;10005;23;9999.0;204.0
-1;17400;RAINFOREST_RESIN;10000;6;9998;7;9995;28;10005;28;;;;;10002.5;204.0
-1;17400;KELP;2024;6;2023;28;;;2026;28;;;;;2025.0;-1775.390625
-1;17500;KELP;2023;26;;;;;2027;26;;;;;2025.0;-1777.125
-1;17500;RAINFOREST_RESIN;9995;26;;;;;10005;26;;;;;10000.0;204.0
-1;17600;RAINFOREST_RESIN;9998;6;9995;30;;;10005;30;;;;;10001.5;204.0
-1;17600;KELP;2023;30;;;;;2026;30;;;;;2024.5;-1772.046875
-1;17700;KELP;2025;1;2023;29;;;2026;29;;;;;2025.5;-1768.453125
-1;17700;RAINFOREST_RESIN;9996;2;9995;27;;;10004;2;10005;27;;;10000.0;204.0
-1;17800;RAINFOREST_RESIN;9996;2;9995;24;;;10002;5;10004;2;10005;24;9999.0;204.0
-1;17800;KELP;2023;26;;;;;2026;2;2027;24;;;2024.5;-1775.578125
-1;17900;KELP;2023;23;;;;;2027;23;;;;;2025.0;-1777.59375
-1;17900;RAINFOREST_RESIN;9995;23;;;;;10005;23;;;;;10000.0;204.0
-1;18000;RAINFOREST_RESIN;9996;2;9995;25;;;10004;2;10005;25;;;10000.0;204.0
-1;18000;KELP;2023;27;;;;;2026;27;;;;;2024.5;-1773.6015625
-1;18100;KELP;2023;20;;;;;2027;20;;;;;2025.0;-1787.234375
-1;18100;RAINFOREST_RESIN;9995;20;;;;;10005;20;;;;;10000.0;204.0
-1;18200;RAINFOREST_RESIN;9996;1;9995;25;;;10004;1;10005;25;;;10000.0;204.0
-1;18200;KELP;2024;21;;;;;2027;26;;;;;2025.5;-1801.9453125
-1;18300;KELP;2023;25;;;;;2027;25;;;;;2025.0;-1791.4453125
-1;18300;RAINFOREST_RESIN;9996;2;9995;23;;;10004;2;10005;23;;;10000.0;204.0
-1;18400;RAINFOREST_RESIN;9996;2;9995;23;;;10004;2;10005;23;;;10000.0;204.0
-1;18400;KELP;2024;25;;;;;2026;5;2027;25;;;2025.0;-1812.1640625
-1;18500;KELP;2024;29;;;;;2025;1;2027;29;;;2024.5;-1815.3046875
-1;18500;RAINFOREST_RESIN;9995;29;;;;;10000;2;10005;29;;;9997.5;204.0
-1;18600;RAINFOREST_RESIN;10002;1;9995;20;;;10005;20;;;;;10003.5;204.0
-1;18600;KELP;2024;20;;;;;2026;5;2027;20;;;2025.0;-1820.640625
-1;18700;KELP;2024;22;;;;;2027;22;;;;;2025.5;-1822.1171875
-1;18700;RAINFOREST_RESIN;9995;22;;;;;10005;22;;;;;10000.0;206.0
-1;18800;RAINFOREST_RESIN;9996;2;9995;26;;;10004;2;10005;26;;;10000.0;206.0
-1;18800;KELP;2024;28;;;;;2027;28;;;;;2025.5;-1810.5234375
-1;18900;KELP;2024;22;;;;;2027;22;;;;;2025.5;-1815.6328125
-1;18900;RAINFOREST_RESIN;9998;2;9995;22;;;10005;22;;;;;10001.5;206.0
-1;19000;RAINFOREST_RESIN;9996;2;9995;26;;;10004;2;10005;26;;;10000.0;206.0
-1;19000;KELP;2024;18;;;;;2027;28;;;;;2025.5;-1816.65625
-1;19100;KELP;2024;28;;;;;2027;28;;;;;2025.5;-1818.015625
-1;19100;RAINFOREST_RESIN;9996;2;9995;26;;;10004;2;10005;26;;;10000.0;206.0
-1;19200;RAINFOREST_RESIN;9996;1;9995;20;;;9998;1;10004;1;10005;20;9997.0;206.0
-1;19200;KELP;2024;21;;;;;2027;21;;;;;2025.5;-1821.1875
-1;19300;KELP;2024;23;;;;;2027;23;;;;;2025.5;-1821.921875
-1;19300;RAINFOREST_RESIN;9996;2;9995;21;;;10004;2;10005;21;;;10000.0;208.0
-1;19400;RAINFOREST_RESIN;9995;26;;;;;10005;26;;;;;10000.0;210.0
-1;19400;KELP;2023;26;;;;;2027;26;;;;;2025.0;-1795.75
-1;19500;KELP;2024;23;;;;;2027;23;;;;;2025.5;-1810.5234375
-1;19500;RAINFOREST_RESIN;9995;23;;;;;10005;23;;;;;10000.0;210.0
-1;19600;RAINFOREST_RESIN;9996;2;9995;27;;;10004;2;10005;27;;;10000.0;210.0
-1;19600;KELP;2024;2;2023;27;;;2027;29;;;;;2025.5;-1796.0234375
-1;19700;KELP;2024;31;;;;;2026;7;2027;32;;;2025.0;-1800.65625
-1;19700;RAINFOREST_RESIN;10002;1;9996;2;9995;30;10004;2;10005;30;;;10003.0;210.0
-1;19800;RAINFOREST_RESIN;9996;2;9995;29;;;10004;2;10005;29;;;10000.0;212.0
-1;19800;KELP;2024;31;;;;;2027;31;;;;;2025.5;-1806.7265625
-1;19900;KELP;2024;32;;;;;2027;32;;;;;2025.5;-1813.234375
-1;19900;RAINFOREST_RESIN;9996;2;9995;30;;;10004;2;10005;30;;;10000.0;212.0
-1;20000;KELP;2024;2;2023;27;;;2027;27;;;;;2025.5;-1785.25
-1;20000;RAINFOREST_RESIN;9995;27;;;;;10002;4;10005;27;;;9998.5;212.0
-1;20100;RAINFOREST_RESIN;10002;1;9996;1;9995;30;10004;1;10005;30;;;10003.0;212.0
-1;20100;KELP;2023;31;;;;;2025;4;2027;31;;;2024.0;-1787.953125
-1;20200;RAINFOREST_RESIN;9995;29;;;;;9998;1;10005;29;;;9996.5;212.0
-1;20200;KELP;2023;29;;;;;2027;29;;;;;2025.0;-1781.515625
-1;20300;KELP;2024;26;;;;;2027;27;;;;;2025.5;-1817.0390625
-1;20300;RAINFOREST_RESIN;9995;27;;;;;10005;27;;;;;10000.0;214.0
-1;20400;KELP;2024;30;;;;;2025;4;2027;29;;;2024.5;-1802.953125
-1;20400;RAINFOREST_RESIN;9996;1;9995;28;;;10000;4;10004;1;10005;28;9998.0;214.0
-1;20500;RAINFOREST_RESIN;10000;3;9996;2;9995;30;10004;2;10005;30;;;10002.0;214.0
-1;20500;KELP;2025;4;2024;7;2023;30;2027;32;;;;;2026.0;-1794.09375
-1;20600;RAINFOREST_RESIN;9996;2;9995;26;;;10004;2;10005;26;;;10000.0;214.0
-1;20600;KELP;2023;28;;;;;2027;28;;;;;2025.0;-1792.65625
-1;20700;KELP;2025;6;2023;22;;;2027;22;;;;;2026.0;-1794.5
-1;20700;RAINFOREST_RESIN;10002;1;10000;6;9998;4;10005;22;;;;;10003.5;214.0
-1;20800;KELP;2024;2;2023;22;;;2027;24;;;;;2025.5;-1795.109375
-1;20800;RAINFOREST_RESIN;9996;2;9995;22;;;10004;2;10005;22;;;10000.0;214.0
-1;20900;RAINFOREST_RESIN;9995;23;;;;;10005;23;;;;;10000.0;214.0
-1;20900;KELP;2026;1;2023;23;;;2027;23;;;;;2026.5;-1797.3515625
-1;21000;RAINFOREST_RESIN;9996;2;9995;26;;;10004;2;10005;26;;;10000.0;214.0
-1;21000;KELP;2024;28;;;;;2027;28;;;;;2025.5;-1799.75
-1;21100;KELP;2024;2;2023;22;;;2027;24;;;;;2025.5;-1795.28125
-1;21100;RAINFOREST_RESIN;9996;2;9995;22;;;10004;2;10005;22;;;10000.0;214.0
-1;21200;KELP;2024;22;;;;;2027;22;;;;;2025.5;-1802.453125
-1;21200;RAINFOREST_RESIN;9995;22;;;;;9998;1;10005;22;;;9996.5;214.0
-1;21300;RAINFOREST_RESIN;9996;1;9995;29;;;10002;7;10004;1;10005;29;9999.0;216.0
-1;21300;KELP;2024;1;2023;29;;;2027;30;;;;;2025.5;-1796.65625
-1;21400;RAINFOREST_RESIN;9995;28;;;;;10005;28;;;;;10000.0;232.0
-1;21400;KELP;2024;28;;;;;2027;28;;;;;2025.5;-1801.8515625
-1;21500;KELP;2026;4;2024;21;;;2027;21;;;;;2026.5;-1821.8046875
-1;21500;RAINFOREST_RESIN;9996;1;9995;20;;;10004;1;10005;20;;;10000.0;232.0
-1;21600;KELP;2024;27;;;;;2027;2;2028;25;;;2025.5;-1828.0390625
-1;21600;RAINFOREST_RESIN;10002;12;9996;2;9995;25;10004;2;10005;25;;;10003.0;232.0
-1;21700;RAINFOREST_RESIN;9998;8;9996;2;9995;29;10004;2;10005;29;;;10001.0;256.0
-1;21700;KELP;2024;31;;;;;2027;31;;;;;2025.5;-1823.5625
-1;21800;RAINFOREST_RESIN;9996;2;9995;22;;;10004;2;10005;22;;;10000.0;256.0
-1;21800;KELP;2024;24;;;;;2028;24;;;;;2026.0;-1832.3203125
-1;21900;KELP;2024;22;;;;;2028;22;;;;;2026.0;-1834.4140625
-1;21900;RAINFOREST_RESIN;10002;3;9996;1;9995;21;10004;1;10005;21;;;10003.0;256.0
-1;22000;KELP;2024;21;;;;;2028;21;;;;;2026.0;-1827.8046875
-1;22000;RAINFOREST_RESIN;9995;21;;;;;10005;21;;;;;10000.0;256.0
-1;22100;RAINFOREST_RESIN;9996;2;9995;22;;;10002;7;10004;2;10005;22;9999.0;256.0
-1;22100;KELP;2024;23;;;;;2027;24;;;;;2025.5;-1811.875
-1;22200;RAINFOREST_RESIN;9998;6;9996;1;9995;20;10004;1;10005;20;;;10001.0;256.0
-1;22200;KELP;2024;21;;;;;2027;21;;;;;2025.5;-1802.0546875
-1;22300;KELP;2023;29;;;;;2026;1;2027;28;;;2024.5;-1776.765625
-1;22300;RAINFOREST_RESIN;9996;1;9995;28;;;10004;1;10005;28;;;10000.0;256.0
-1;22400;KELP;2023;29;;;;;2026;29;;;;;2024.5;-1774.59375
-1;22400;RAINFOREST_RESIN;9996;2;9995;27;;;9998;1;10004;2;10005;27;9997.0;256.0
-1;22500;RAINFOREST_RESIN;9996;2;9995;29;;;10004;2;10005;29;;;10000.0;276.0
-1;22500;KELP;2023;31;;;;;2026;31;;;;;2024.5;-1763.34375
-1;22600;RAINFOREST_RESIN;10000;6;9998;6;9996;2;10004;2;10005;20;;;10002.0;276.0
-1;22600;KELP;2024;6;2023;26;;;2026;22;;;;;2025.0;-1759.703125
-1;22700;KELP;2023;25;;;;;2026;26;;;;;2024.5;-1757.953125
-1;22700;RAINFOREST_RESIN;9996;2;9995;24;;;10004;2;10005;24;;;10000.0;276.0
-1;22800;KELP;2023;27;;;;;2026;28;;;;;2024.5;-1748.1875
-1;22800;RAINFOREST_RESIN;9996;1;9995;27;;;9998;2;10004;1;10005;27;9997.0;276.0
-1;22900;RAINFOREST_RESIN;9996;2;9995;30;;;10002;8;10004;2;10005;30;9999.0;280.0
-1;22900;KELP;2023;2;2022;30;;;2026;32;;;;;2024.5;-1745.6171875
-1;23000;RAINFOREST_RESIN;9996;1;9995;21;;;10004;1;10005;21;;;10000.0;280.0
-1;23000;KELP;2022;22;;;;;2026;22;;;;;2024.0;-1738.8359375
-1;23100;KELP;2023;23;;;;;2026;23;;;;;2024.5;-1752.140625
-1;23100;RAINFOREST_RESIN;9998;8;9995;23;;;10005;23;;;;;10001.5;280.0
-1;23200;KELP;2023;2;2022;29;;;2024;3;2026;31;;;2023.5;-1746.4140625
-1;23200;RAINFOREST_RESIN;9998;5;9996;2;9995;29;10004;2;10005;29;;;10001.0;280.0
-1;23300;RAINFOREST_RESIN;9996;1;9995;29;;;10004;1;10005;29;;;10000.0;282.0
-1;23300;KELP;2023;30;;;;;2026;30;;;;;2024.5;-1755.0234375
-1;23400;RAINFOREST_RESIN;9996;1;9995;29;;;10004;1;10005;29;;;10000.0;282.0
-1;23400;KELP;2023;30;;;;;2026;30;;;;;2024.5;-1755.5703125
-1;23500;KELP;2023;29;;;;;2025;4;2026;30;;;2024.0;-1755.125
-1;23500;RAINFOREST_RESIN;9998;8;9996;2;9995;28;10004;2;10005;28;;;10001.0;282.0
-1;23600;KELP;2022;27;;;;;2026;27;;;;;2024.0;-1746.5234375
-1;23600;RAINFOREST_RESIN;9995;27;;;;;10005;27;;;;;10000.0;282.0
-1;23700;RAINFOREST_RESIN;10002;1;9996;2;9995;21;10004;2;10005;21;;;10003.0;282.0
-1;23700;KELP;2023;2;2022;21;;;2025;7;2026;23;;;2024.0;-1747.1171875
-1;23800;RAINFOREST_RESIN;9995;30;;;;;10005;30;;;;;10000.0;292.0
-1;23800;KELP;2024;1;2022;30;;;2026;30;;;;;2025.0;-1730.90625
-1;23900;KELP;2025;1;2023;1;2022;30;2026;30;;;;;2025.5;-1742.296875
-1;23900;RAINFOREST_RESIN;9995;30;;;;;10005;30;;;;;10000.0;292.0
-1;24000;KELP;2022;29;;;;;2026;29;;;;;2024.0;-1742.0078125
-1;24000;RAINFOREST_RESIN;9998;9;9995;29;;;10005;29;;;;;10001.5;292.0
-1;24100;RAINFOREST_RESIN;9996;1;9995;25;;;10004;1;10005;25;;;10000.0;292.0
-1;24100;KELP;2023;1;2022;25;;;2025;3;2026;26;;;2024.0;-1747.46875
-1;24200;RAINFOREST_RESIN;9996;2;9995;28;;;10002;6;10004;2;10005;28;9999.0;308.0
-1;24200;KELP;2023;30;;;;;2026;30;;;;;2024.5;-1754.9609375
-1;24300;KELP;2023;26;;;;;2026;26;;;;;2024.5;-1756.140625
-1;24300;RAINFOREST_RESIN;9996;2;9995;24;;;10002;1;10004;2;10005;24;9999.0;308.0
-1;24400;KELP;2025;1;2023;22;;;2026;22;;;;;2025.5;-1749.90625
-1;24400;RAINFOREST_RESIN;10002;1;9998;4;9996;1;10004;1;10005;21;;;10003.0;308.0
-1;24500;RAINFOREST_RESIN;10002;1;9996;1;9995;25;10004;1;10005;25;;;10003.0;310.0
-1;24500;KELP;2022;26;;;;;2026;26;;;;;2024.0;-1738.046875
-1;24600;RAINFOREST_RESIN;9995;24;;;;;9998;2;10005;24;;;9996.5;310.0
-1;24600;KELP;2022;24;;;;;2024;2;2026;24;;;2023.0;-1746.1015625
-1;24700;KELP;2023;25;;;;;2026;25;;;;;2024.5;-1752.8359375
-1;24700;RAINFOREST_RESIN;9995;25;;;;;10005;25;;;;;10000.0;314.0
-1;24800;KELP;2022;23;;;;;2026;23;;;;;2024.0;-1739.5625
-1;24800;RAINFOREST_RESIN;9995;23;;;;;10005;23;;;;;10000.0;314.0
-1;24900;RAINFOREST_RESIN;10002;1;9996;1;9995;22;10004;1;10005;22;;;10003.0;314.0
-1;24900;KELP;2024;4;2022;23;;;2026;23;;;;;2025.0;-1742.515625
-1;25000;RAINFOREST_RESIN;9995;23;;;;;10005;23;;;;;10000.0;316.0
-1;25000;KELP;2023;23;;;;;2026;23;;;;;2024.5;-1751.6328125
-1;25100;KELP;2022;25;;;;;2024;4;2026;25;;;2023.0;-1744.4921875
-1;25100;RAINFOREST_RESIN;10002;1;9995;25;;;10005;25;;;;;10003.5;316.0
-1;25200;KELP;2023;1;2022;24;;;2025;3;2026;25;;;2024.0;-1746.5234375
-1;25200;RAINFOREST_RESIN;9996;1;9995;24;;;9998;5;10004;1;10005;24;9997.0;318.0
-1;25300;RAINFOREST_RESIN;9996;2;9995;22;;;10004;2;10005;22;;;10000.0;328.0
-1;25300;KELP;2023;4;2022;22;;;2026;24;;;;;2024.5;-1746.4609375
-1;25400;RAINFOREST_RESIN;9996;1;9995;29;;;10004;1;10005;29;;;10000.0;328.0
-1;25400;KELP;2025;8;2023;30;;;2026;30;;;;;2025.5;-1749.65625
-1;25500;KELP;2022;21;;;;;2025;21;;;;;2023.5;-1721.3671875
-1;25500;RAINFOREST_RESIN;9996;1;9995;20;;;9998;6;10002;9;10004;1;9997.0;328.0
-1;25600;KELP;2023;31;;;;;2026;23;;;;;2024.5;-1750.515625
-1;25600;RAINFOREST_RESIN;9996;1;9995;22;;;10002;7;10004;1;10005;22;9999.0;340.0
-1;25700;RAINFOREST_RESIN;9996;2;9995;30;;;10004;2;10005;30;;;10000.0;340.0
-1;25700;KELP;2023;32;;;;;2025;6;2026;32;;;2024.0;-1757.453125
-1;25800;RAINFOREST_RESIN;10002;4;9995;24;;;10005;24;;;;;10003.5;340.0
-1;25800;KELP;2023;23;;;;;2026;24;;;;;2024.5;-1765.921875
-1;25900;KELP;2023;25;;;;;2026;25;;;;;2024.5;-1754.6171875
-1;25900;RAINFOREST_RESIN;9996;2;9995;23;;;10004;2;10005;23;;;10000.0;348.0
-1;26000;RAINFOREST_RESIN;9996;2;9995;27;;;10004;2;10005;27;;;10000.0;348.0
-1;26000;KELP;2023;22;;;;;2026;29;;;;;2024.5;-1747.9921875
-1;26100;KELP;2023;20;;;;;2026;20;;;;;2024.5;-1755.640625
-1;26100;RAINFOREST_RESIN;9998;7;9995;20;;;10005;20;;;;;10001.5;348.0
-1;26200;RAINFOREST_RESIN;9996;1;9995;22;;;10004;1;10005;22;;;10000.0;348.0
-1;26200;KELP;2023;23;;;;;2026;23;;;;;2024.5;-1757.7109375
-1;26300;KELP;2023;30;;;;;2026;30;;;;;2024.5;-1755.671875
-1;26300;RAINFOREST_RESIN;9996;1;9995;29;;;9998;1;10004;1;10005;29;9997.0;348.0
-1;26400;RAINFOREST_RESIN;9995;22;;;;;10005;22;;;;;10000.0;348.0
-1;26400;KELP;2023;27;;;;;2026;22;;;;;2024.5;-1751.75
-1;26500;KELP;2023;24;;;;;2026;24;;;;;2024.5;-1750.8359375
-1;26500;RAINFOREST_RESIN;9996;1;9995;23;;;10004;1;10005;23;;;10000.0;348.0
-1;26600;RAINFOREST_RESIN;9996;2;9995;28;;;9998;1;10004;2;10005;28;9997.0;348.0
-1;26600;KELP;2023;36;;;;;2026;30;;;;;2024.5;-1754.9921875
-1;26700;KELP;2023;24;;;;;2025;6;2026;24;;;2024.0;-1754.453125
-1;26700;RAINFOREST_RESIN;9998;2;9996;1;9995;23;10004;1;10005;23;;;10001.0;350.0
-1;26800;RAINFOREST_RESIN;9996;2;9995;28;;;10004;2;10005;28;;;10000.0;350.0
-1;26800;KELP;2025;1;2023;30;;;2026;30;;;;;2025.5;-1757.0
-1;26900;KELP;2023;29;;;;;2026;30;;;;;2024.5;-1756.1640625
-1;26900;RAINFOREST_RESIN;10002;1;9995;30;;;10005;30;;;;;10003.5;350.0
-1;27000;RAINFOREST_RESIN;9995;28;;;;;10002;1;10005;28;;;9998.5;350.0
-1;27000;KELP;2023;30;;;;;2026;28;;;;;2024.5;-1764.515625
-1;27100;KELP;2023;27;;;;;2026;24;;;;;2024.5;-1768.984375
-1;27100;RAINFOREST_RESIN;9995;24;;;;;10005;24;;;;;10000.0;350.0
-1;27200;RAINFOREST_RESIN;9998;2;9995;21;;;10005;21;;;;;10001.5;350.0
-1;27200;KELP;2023;21;;;;;2025;2;2026;21;;;2024.0;-1766.9296875
-1;27300;KELP;2025;1;2023;31;;;2026;31;;;;;2025.5;-1768.421875
-1;27300;RAINFOREST_RESIN;9996;2;9995;29;;;10004;2;10005;29;;;10000.0;350.0
-1;27400;RAINFOREST_RESIN;9995;21;;;;;10005;21;;;;;10000.0;350.0
-1;27400;KELP;2023;21;;;;;2026;21;;;;;2024.5;-1780.765625
-1;27500;KELP;2023;23;;;;;2025;6;2026;23;;;2024.0;-1782.859375
-1;27500;RAINFOREST_RESIN;9996;1;9995;22;;;10004;1;10005;22;;;10000.0;350.0
-1;27600;RAINFOREST_RESIN;9998;5;9995;24;;;10005;24;;;;;10001.5;350.0
-1;27600;KELP;2023;30;;;;;2026;24;;;;;2024.5;-1777.0
-1;27700;KELP;2023;19;;;;;2026;24;;;;;2024.5;-1812.68359375
-1;27700;RAINFOREST_RESIN;9995;24;;;;;10005;24;;;;;10000.0;350.0
-1;27800;RAINFOREST_RESIN;9998;9;9996;2;9995;26;10004;2;10005;26;;;10001.0;350.0
-1;27800;KELP;2023;28;;;;;2025;3;2026;28;;;2024.0;-1815.765625
-1;27900;KELP;2025;1;2023;29;;;2026;29;;;;;2025.5;-1813.96875
-1;27900;RAINFOREST_RESIN;9996;2;9995;27;;;10002;4;10004;2;10005;27;9999.0;350.0
-1;28000;RAINFOREST_RESIN;9998;2;9995;28;;;10005;28;;;;;10001.5;350.0
-1;28000;KELP;2023;28;;;;;2026;28;;;;;2024.5;-1816.31640625
-1;28100;KELP;2023;26;;;;;2026;26;;;;;2024.5;-1814.13671875
-1;28100;RAINFOREST_RESIN;9996;2;9995;24;;;10004;2;10005;24;;;10000.0;350.0
-1;28200;RAINFOREST_RESIN;9996;1;9995;25;;;9998;2;10004;1;10005;25;9997.0;350.0
-1;28200;KELP;2023;26;;;;;2025;5;2026;1;2027;25;2024.0;-1819.69140625
-1;28300;KELP;2023;24;;;;;2024;2;2027;24;;;2023.5;-1821.26953125
-1;28300;RAINFOREST_RESIN;9996;1;9995;23;;;10004;1;10005;23;;;10000.0;350.0
-1;28400;RAINFOREST_RESIN;9996;2;9995;23;;;10004;2;10005;23;;;10000.0;350.0
-1;28400;KELP;2023;24;;;;;2027;25;;;;;2025.0;-1820.18359375
-1;28500;KELP;2023;23;;;;;2027;23;;;;;2025.0;-1871.125
-1;28500;RAINFOREST_RESIN;9998;10;9995;23;;;10005;23;;;;;10001.5;350.0
-1;28600;RAINFOREST_RESIN;10002;1;9996;2;9995;21;10004;2;10005;21;;;10003.0;350.0
-1;28600;KELP;2023;23;;;;;2025;8;2027;23;;;2024.0;-1871.5703125
-1;28700;RAINFOREST_RESIN;9995;30;;;;;10005;30;;;;;10000.0;352.0
-1;28700;KELP;2023;30;;;;;2027;30;;;;;2025.0;-1874.7421875
-1;28800;RAINFOREST_RESIN;9995;27;;;;;10005;27;;;;;10000.0;352.0
-1;28800;KELP;2024;27;;;;;2027;27;;;;;2025.5;-1883.734375
-1;28900;KELP;2024;26;;;;;2027;22;;;;;2025.5;-1901.09375
-1;28900;RAINFOREST_RESIN;9998;7;9996;1;9995;21;10004;1;10005;21;;;10001.0;352.0
-1;29000;KELP;2024;23;;;;;2027;24;;;;;2025.5;-1889.2109375
-1;29000;RAINFOREST_RESIN;9995;24;;;;;10005;24;;;;;10000.0;352.0
-1;29100;RAINFOREST_RESIN;9996;2;9995;26;;;10004;2;10005;26;;;10000.0;360.0
-1;29100;KELP;2024;31;;;;;2027;28;;;;;2025.5;-1894.5234375
-1;29200;RAINFOREST_RESIN;9996;1;9995;30;;;10004;1;10005;30;;;10000.0;360.0
-1;29200;KELP;2026;1;2024;31;;;2027;31;;;;;2026.5;-1890.890625
-1;29300;KELP;2024;32;;;;;2026;2;2027;32;;;2025.0;-1892.296875
-1;29300;RAINFOREST_RESIN;9996;2;9995;30;;;10002;3;10004;2;10005;30;9999.0;360.0
-1;29400;KELP;2024;25;;;;;2027;26;;;;;2025.5;-1893.4453125
-1;29400;RAINFOREST_RESIN;10002;1;9996;1;9995;25;10004;1;10005;25;;;10003.0;360.0
-1;29500;RAINFOREST_RESIN;9996;2;9995;27;;;10004;2;10005;27;;;10000.0;362.0
-1;29500;KELP;2024;31;;;;;2027;29;;;;;2025.5;-1894.3515625
-1;29600;RAINFOREST_RESIN;9996;2;9995;28;;;10004;2;10005;28;;;10000.0;362.0
-1;29600;KELP;2024;2;2023;28;;;2025;3;2027;30;;;2024.5;-1878.578125
-1;29700;KELP;2024;28;;;;;2027;26;;;;;2025.5;-1906.984375
-1;29700;RAINFOREST_RESIN;9996;1;9995;25;;;10002;4;10004;1;10005;25;9999.0;362.0
-1;29800;KELP;2024;31;;;;;2026;1;2027;1;2028;30;2025.0;-1942.31640625
-1;29800;RAINFOREST_RESIN;9998;6;9996;1;9995;30;10004;1;10005;30;;;10001.0;362.0
-1;29900;RAINFOREST_RESIN;9995;21;;;;;10005;21;;;;;10000.0;362.0
-1;29900;KELP;2025;8;2024;21;;;2028;21;;;;;2026.5;-1945.046875
-1;30000;RAINFOREST_RESIN;9998;3;9996;1;9995;30;10004;1;10005;30;;;10001.0;362.0
-1;30000;KELP;2024;31;;;;;2028;31;;;;;2026.0;-1947.16796875
-1;30100;KELP;2024;30;;;;;2027;30;;;;;2025.5;-1941.34765625
-1;30100;RAINFOREST_RESIN;9996;2;9995;28;;;10004;2;10005;28;;;10000.0;366.0
-1;30200;KELP;2024;22;;;;;2027;22;;;;;2025.5;-1943.0390625
-1;30200;RAINFOREST_RESIN;9996;2;9995;20;;;10004;2;10005;20;;;10000.0;366.0
-1;30300;RAINFOREST_RESIN;9996;2;9995;29;;;10002;9;10004;2;10005;29;9999.0;366.0
-1;30300;KELP;2026;1;2024;31;;;2027;31;;;;;2026.5;-1940.12109375
-1;30400;RAINFOREST_RESIN;10000;5;9996;2;9995;29;10002;8;10004;2;10005;29;10001.0;366.0
-1;30400;KELP;2025;5;2024;31;;;2027;31;;;;;2026.0;-1936.8125
-1;30500;KELP;2024;22;;;;;2027;22;;;;;2025.5;-1931.23046875
-1;30500;RAINFOREST_RESIN;9998;5;9996;2;9995;20;10004;2;10005;20;;;10001.0;366.0
-1;30600;KELP;2024;1;2023;20;;;2027;22;;;;;2025.5;-1929.86328125
-1;30600;RAINFOREST_RESIN;9996;2;9995;20;;;10002;4;10004;2;10005;20;9999.0;366.0
-1;30700;RAINFOREST_RESIN;9995;30;;;;;10005;30;;;;;10000.0;366.0
-1;30700;KELP;2024;30;;;;;2027;30;;;;;2025.5;-1931.23828125
-1;30800;RAINFOREST_RESIN;9996;1;9995;30;;;10004;1;10005;30;;;10000.0;366.0
-1;30800;KELP;2024;4;2023;30;;;2027;31;;;;;2025.5;-1930.34765625
-1;30900;KELP;2023;30;;;;;2025;7;2026;30;;;2024.0;-1917.68359375
-1;30900;RAINFOREST_RESIN;9996;2;9995;28;;;10002;6;10004;2;10005;28;9999.0;366.0
-1;31000;KELP;2024;4;2023;30;;;2026;23;;;;;2025.0;-1919.2890625
-1;31000;RAINFOREST_RESIN;10000;4;9996;1;9995;22;10004;1;10005;22;;;10002.0;366.0
-1;31100;RAINFOREST_RESIN;9996;2;9995;27;;;10004;2;10005;27;;;10000.0;366.0
-1;31100;KELP;2023;29;;;;;2026;2;2027;27;;;2024.5;-1921.54296875
-1;31200;RAINFOREST_RESIN;9996;2;9995;29;;;10002;6;10004;2;10005;29;9999.0;366.0
-1;31200;KELP;2023;31;;;;;2026;31;;;;;2024.5;-1920.83203125
-1;31300;KELP;2023;24;;;;;2026;24;;;;;2024.5;-1920.21484375
-1;31300;RAINFOREST_RESIN;9996;1;9995;23;;;10004;1;10005;23;;;10000.0;366.0
-1;31400;KELP;2023;26;;;;;2026;26;;;;;2024.5;-1915.75
-1;31400;RAINFOREST_RESIN;9995;26;;;;;9998;1;10005;26;;;9996.5;366.0
-1;31500;RAINFOREST_RESIN;9995;30;;;;;10005;30;;;;;10000.0;366.0
-1;31500;KELP;2023;35;;;;;2026;30;;;;;2024.5;-1917.0859375
-1;31600;RAINFOREST_RESIN;9995;27;;;;;10005;27;;;;;10000.0;366.0
-1;31600;KELP;2025;1;2023;27;;;2026;27;;;;;2025.5;-1958.4931640625
-1;31700;KELP;2023;24;;;;;2025;3;2026;24;;;2024.0;-2012.4921875
-1;31700;RAINFOREST_RESIN;9996;2;9995;22;;;10004;2;10005;22;;;10000.0;366.0
-1;31800;KELP;2024;6;2023;26;;;2026;1;2027;25;;;2025.0;-2004.328125
-1;31800;RAINFOREST_RESIN;10000;6;9996;1;9995;25;10004;1;10005;25;;;10002.0;366.0
-1;31900;RAINFOREST_RESIN;9998;3;9995;28;;;10005;28;;;;;10001.5;366.0
-1;31900;KELP;2024;4;2023;28;;;2027;28;;;;;2025.5;-2003.6640625
-1;32000;RAINFOREST_RESIN;9996;1;9995;24;;;10004;1;10005;24;;;10000.0;368.0
-1;32000;KELP;2024;2;2023;25;;;2026;1;2027;24;;;2025.0;-2006.5859375
-1;32100;KELP;2023;29;;;;;2026;29;;;;;2024.5;-2022.734375
-1;32100;RAINFOREST_RESIN;9996;1;9995;28;;;10004;1;10005;28;;;10000.0;368.0
-1;32200;KELP;2023;28;;;;;2027;28;;;;;2025.0;-2000.6796875
-1;32200;RAINFOREST_RESIN;9996;1;9995;27;;;10004;1;10005;27;;;10000.0;368.0
-1;32300;RAINFOREST_RESIN;9995;25;;;;;10005;25;;;;;10000.0;368.0
-1;32300;KELP;2023;25;;;;;2026;25;;;;;2024.5;-2015.0078125
-1;32400;RAINFOREST_RESIN;9996;1;9995;30;;;10004;1;10005;30;;;10000.0;368.0
-1;32400;KELP;2023;30;;;;;2026;1;2027;30;;;2024.5;-2007.421875
-1;32500;KELP;2023;21;;;;;2025;5;2027;22;;;2024.0;-2000.9140625
-1;32500;RAINFOREST_RESIN;9998;1;9996;1;9995;21;10004;1;10005;21;;;10001.0;368.0
-1;32600;KELP;2023;30;;;;;2027;30;;;;;2025.0;-1997.8046875
-1;32600;RAINFOREST_RESIN;10002;1;9995;30;;;10005;30;;;;;10003.5;368.0
-1;32700;RAINFOREST_RESIN;9996;2;9995;22;;;10004;2;10005;22;;;10000.0;374.0
-1;32700;KELP;2023;24;;;;;2026;2;2027;22;;;2024.5;-2003.875
-1;32800;RAINFOREST_RESIN;9996;2;9995;28;;;10004;2;10005;28;;;10000.0;374.0
-1;32800;KELP;2023;30;;;;;2026;2;2027;28;;;2024.5;-2004.9921875
-1;32900;KELP;2023;29;;;;;2026;2;2027;27;;;2024.5;-2008.5234375
-1;32900;RAINFOREST_RESIN;9996;2;9995;27;;;10004;2;10005;27;;;10000.0;383.0
-1;33000;KELP;2025;1;2023;30;;;2026;30;;;;;2025.5;-2014.0390625
-1;33000;RAINFOREST_RESIN;9996;2;9995;28;;;10004;2;10005;28;;;10000.0;383.0
-1;33100;RAINFOREST_RESIN;9996;1;9995;28;;;10004;1;10005;28;;;10000.0;383.0
-1;33100;KELP;2023;28;;;;;2025;3;2026;29;;;2024.0;-2013.4609375
-1;33200;RAINFOREST_RESIN;9996;1;9995;20;;;10002;7;10004;1;10005;20;9999.0;383.0
-1;33200;KELP;2023;20;;;;;2024;10;2026;1;2027;20;2023.5;-2004.421875
-1;33300;KELP;2024;1;2023;20;;;2027;21;;;;;2025.5;-1988.4140625
-1;33300;RAINFOREST_RESIN;9996;1;9995;20;;;10004;1;10005;20;;;10000.0;383.0
-1;33400;KELP;2023;32;;;;;2027;32;;;;;2025.0;-1994.6640625
-1;33400;RAINFOREST_RESIN;9996;2;9995;30;;;10002;3;10004;2;10005;30;9999.0;383.0
-1;33500;RAINFOREST_RESIN;9996;1;9995;20;;;10004;1;10005;20;;;10000.0;383.0
-1;33500;KELP;2023;21;;;;;2026;21;;;;;2024.5;-2017.265625
-1;33600;RAINFOREST_RESIN;10002;6;9995;27;;;10005;27;;;;;10003.5;381.0
-1;33600;KELP;2023;27;;;;;2026;27;;;;;2024.5;-2020.5859375
-1;33700;KELP;2023;32;;;;;2026;28;;;;;2024.5;-2025.6953125
-1;33700;RAINFOREST_RESIN;9996;1;9995;27;;;10002;1;10004;1;10005;27;9999.0;393.0
-1;33800;KELP;2024;3;2023;31;;;2026;26;;;;;2025.0;-2033.4296875
-1;33800;RAINFOREST_RESIN;9996;1;9995;25;;;10004;1;10005;25;;;10000.0;393.0
-1;33900;RAINFOREST_RESIN;9995;24;;;;;10005;24;;;;;10000.0;393.0
-1;33900;KELP;2023;24;;;;;2026;24;;;;;2024.5;-2025.6953125
-1;34000;RAINFOREST_RESIN;10002;1;9995;30;;;10005;30;;;;;10003.5;393.0
-1;34000;KELP;2023;29;;;;;2025;8;2026;30;;;2024.0;-2023.234375
-1;34100;KELP;2023;25;;;;;2026;23;;;;;2024.5;-2030.140625
-1;34100;RAINFOREST_RESIN;9996;1;9995;22;;;10004;1;10005;22;;;10000.0;395.0
-1;34200;KELP;2022;23;;;;;2024;1;2026;23;;;2023.0;-2047.4296875
-1;34200;RAINFOREST_RESIN;9995;23;;;;;10005;23;;;;;10000.0;401.0
-1;34300;RAINFOREST_RESIN;10002;1;9996;1;9995;22;10004;1;10005;22;;;10003.0;401.0
-1;34300;KELP;2022;23;;;;;2026;23;;;;;2024.0;-2053.046875
-1;34400;RAINFOREST_RESIN;9996;2;9995;23;;;10004;2;10005;23;;;10000.0;403.0
-1;34400;KELP;2023;3;2022;25;;;2025;2;2026;23;;;2024.0;-2054.15625
-1;34500;KELP;2022;30;;;;;2023;5;2024;1;2026;30;2022.5;-2053.7578125
-1;34500;RAINFOREST_RESIN;9995;30;;;;;10005;30;;;;;10000.0;403.0
-1;34600;KELP;2022;29;;;;;2023;1;2026;29;;;2022.5;-2044.078125
-1;34600;RAINFOREST_RESIN;9995;29;;;;;10005;29;;;;;10000.0;403.0
-1;34700;RAINFOREST_RESIN;9998;6;9995;24;;;10005;24;;;;;10001.5;403.0
-1;34700;KELP;2023;24;;;;;2026;24;;;;;2024.5;-2036.8515625
-1;34800;RAINFOREST_RESIN;9996;2;9995;23;;;10004;2;10005;23;;;10000.0;403.0
-1;34800;KELP;2023;2;2022;23;;;2026;25;;;;;2024.5;-2041.78125
-1;34900;KELP;2023;21;;;;;2026;21;;;;;2024.5;-2035.6796875
-1;34900;RAINFOREST_RESIN;9996;1;9995;20;;;10004;1;10005;20;;;10000.0;403.0
-1;35000;RAINFOREST_RESIN;10002;1;9995;20;;;10005;20;;;;;10003.5;403.0
-1;35000;KELP;2025;1;2023;20;;;2026;20;;;;;2025.5;-2008.7578125
-1;35100;KELP;2023;31;;;;;2026;31;;;;;2024.5;-2023.515625
-1;35100;RAINFOREST_RESIN;10002;3;9996;2;9995;29;10004;2;10005;29;;;10003.0;405.0
-1;35200;RAINFOREST_RESIN;9996;2;9995;28;;;10002;10;10004;2;10005;28;9999.0;405.0
-1;35200;KELP;2023;33;;;;;2026;30;;;;;2024.5;-2015.015625
-1;35300;KELP;2023;20;;;;;2026;28;;;;;2024.5;-2031.75
-1;35300;RAINFOREST_RESIN;9998;6;9996;1;9995;27;10004;1;10005;27;;;10001.0;405.0
-1;35400;RAINFOREST_RESIN;10002;3;9995;25;;;10005;25;;;;;10003.5;405.0
-1;35400;KELP;2025;1;2023;27;;;2026;25;;;;;2025.5;-2033.8125
-1;35500;KELP;2023;28;;;;;2026;28;;;;;2024.5;-2031.8203125
-1;35500;RAINFOREST_RESIN;9996;2;9995;26;;;10004;2;10005;26;;;10000.0;405.0
-1;35600;RAINFOREST_RESIN;9995;26;;;;;10005;26;;;;;10000.0;405.0
-1;35600;KELP;2023;26;;;;;2026;26;;;;;2024.5;-2035.4296875
-1;35700;KELP;2023;29;;;;;2026;29;;;;;2024.5;-2030.328125
-1;35700;RAINFOREST_RESIN;9996;2;9995;27;;;10004;2;10005;27;;;10000.0;405.0
-1;35800;RAINFOREST_RESIN;9998;7;9996;1;9995;30;10004;1;10005;30;;;10001.0;405.0
-1;35800;KELP;2023;29;;;;;2026;31;;;;;2024.5;-2031.3671875
-1;35900;KELP;2023;2;2022;21;;;2026;23;;;;;2024.5;-2438.8671875
-1;35900;RAINFOREST_RESIN;9996;2;9995;21;;;10004;2;10005;21;;;10000.0;405.0
-1;36000;RAINFOREST_RESIN;9995;30;;;;;10002;5;10005;30;;;9998.5;405.0
-1;36000;KELP;2022;30;;;;;2024;3;2026;30;;;2023.0;-2439.078125
-1;36100;KELP;2022;26;;;;;2025;2;2026;24;;;2023.5;-2425.171875
-1;36100;RAINFOREST_RESIN;10002;8;9996;2;9995;24;10004;2;10005;24;;;10003.0;405.0
-1;36200;RAINFOREST_RESIN;9996;1;9995;29;;;9998;1;10004;1;10005;29;9997.0;405.0
-1;36200;KELP;2022;30;;;;;2025;1;2026;29;;;2023.5;-2425.609375
-1;36300;KELP;2022;22;;;;;2024;6;2025;22;;;2023.0;-2420.8828125
-1;36300;RAINFOREST_RESIN;9996;1;9995;21;;;10004;1;10005;21;;;10000.0;407.0
-1;36400;RAINFOREST_RESIN;9998;1;9996;1;9995;20;10004;1;10005;20;;;10001.0;407.0
-1;36400;KELP;2024;1;2023;3;2022;21;2025;1;2026;20;;;2024.5;-2422.90625
-1;36500;KELP;2022;25;;;;;2023;2;2025;25;;;2022.5;-2414.2578125
-1;36500;RAINFOREST_RESIN;9995;25;;;;;10005;25;;;;;10000.0;407.0
-1;36600;RAINFOREST_RESIN;9996;1;9995;28;;;10004;1;10005;28;;;10000.0;407.0
-1;36600;KELP;2022;29;;;;;2025;29;;;;;2023.5;-2419.7109375
-1;36700;KELP;2021;21;;;;;2025;21;;;;;2023.0;-2375.578125
-1;36700;RAINFOREST_RESIN;9995;21;;;;;10005;21;;;;;10000.0;407.0
-1;36800;RAINFOREST_RESIN;9995;30;;;;;10005;30;;;;;10000.0;407.0
-1;36800;KELP;2021;30;;;;;2025;30;;;;;2023.0;-2379.390625
-1;36900;KELP;2021;27;;;;;2024;27;;;;;2022.5;-2347.90625
-1;36900;RAINFOREST_RESIN;9996;1;9995;26;;;10004;1;10005;26;;;10000.0;407.0
-1;37000;RAINFOREST_RESIN;9996;2;9995;23;;;10004;2;10005;23;;;10000.0;407.0
-1;37000;KELP;2020;25;;;;;2024;25;;;;;2022.0;-2328.8828125
-1;37100;KELP;2021;27;;;;;2024;23;;;;;2022.5;-2360.71875
-1;37100;RAINFOREST_RESIN;9996;2;9995;21;;;10004;2;10005;21;;;10000.0;407.0
-1;37200;RAINFOREST_RESIN;9996;1;9995;20;;;10004;1;10005;20;;;10000.0;407.0
-1;37200;KELP;2021;25;;;;;2024;21;;;;;2022.5;-2391.84765625
-1;37300;KELP;2022;4;2021;28;;;2024;1;2025;27;;;2023.0;-2424.8701171875
-1;37300;RAINFOREST_RESIN;9996;1;9995;27;;;9998;10;10002;4;10004;1;9997.0;407.0
-1;37400;RAINFOREST_RESIN;10002;1;9998;2;9995;30;10005;30;;;;;10003.5;427.0
-1;37400;KELP;2021;30;;;;;2024;30;;;;;2022.5;-2607.3828125
-1;37500;KELP;2020;27;;;;;2024;27;;;;;2022.0;-2642.9765625
-1;37500;RAINFOREST_RESIN;9996;2;9995;25;;;10004;2;10005;25;;;10000.0;429.0
-1;37600;KELP;2020;22;;;;;2024;22;;;;;2022.0;-2650.125
-1;37600;RAINFOREST_RESIN;9995;22;;;;;10002;7;10005;22;;;9998.5;431.0
-1;37700;RAINFOREST_RESIN;9996;1;9995;23;;;10004;1;10005;23;;;10000.0;431.0
-1;37700;KELP;2020;24;;;;;2024;24;;;;;2022.0;-2648.0703125
-1;37800;RAINFOREST_RESIN;9995;25;;;;;10005;25;;;;;10000.0;431.0
-1;37800;KELP;2020;24;;;;;2024;25;;;;;2022.0;-2653.0
-1;37900;KELP;2019;25;;;;;2023;25;;;;;2021.0;-3780.7734375
-1;37900;RAINFOREST_RESIN;9995;25;;;;;10005;25;;;;;10000.0;431.0
-1;38000;KELP;2019;32;;;;;2021;4;2023;32;;;2020.0;-3780.3359375
-1;38000;RAINFOREST_RESIN;10002;1;9996;2;9995;30;10004;2;10005;30;;;10003.0;431.0
-1;38100;RAINFOREST_RESIN;9996;2;9995;26;;;10002;2;10004;2;10005;26;9999.0;433.0
-1;38100;KELP;2019;28;;;;;2022;2;2023;26;;;2020.5;-3773.0859375
-1;38200;RAINFOREST_RESIN;9996;1;9995;27;;;10004;1;10005;27;;;10000.0;433.0
-1;38200;KELP;2019;28;;;;;2023;28;;;;;2021.0;-3785.9375
-1;38300;KELP;2019;26;;;;;2022;26;;;;;2020.5;-3767.953125
-1;38300;RAINFOREST_RESIN;9998;5;9995;26;;;10005;26;;;;;10001.5;433.0
-1;38400;KELP;2019;24;;;;;2020;6;2022;24;;;2019.5;-3765.8046875
-1;38400;RAINFOREST_RESIN;9996;1;9995;23;;;10000;6;10004;1;10005;23;9998.0;433.0
-1;38500;RAINFOREST_RESIN;10002;1;9995;21;;;10005;21;;;;;10003.5;433.0
-1;38500;KELP;2019;21;;;;;2022;21;;;;;2020.5;-3758.8984375
-1;38600;RAINFOREST_RESIN;9996;2;9995;28;;;10004;2;10005;28;;;10000.0;435.0
-1;38600;KELP;2019;30;;;;;2022;30;;;;;2020.5;-3761.5390625
-1;38700;KELP;2019;20;;;;;2022;20;;;;;2020.5;-3763.7265625
-1;38700;RAINFOREST_RESIN;9995;20;;;;;10005;20;;;;;10000.0;437.0
-1;38800;KELP;2019;21;;;;;2020;2;2021;1;2022;21;2019.5;-3763.84375
-1;38800;RAINFOREST_RESIN;9996;1;9995;20;;;10002;1;10004;1;10005;20;9999.0;437.0
-1;38900;RAINFOREST_RESIN;9996;2;9995;30;;;10004;2;10005;30;;;10000.0;453.0
-1;38900;KELP;2019;32;;;;;2021;7;2022;2;2023;30;2020.0;-3770.9140625
-1;39000;RAINFOREST_RESIN;9995;23;;;;;10002;9;10005;23;;;9998.5;453.0
-1;39000;KELP;2019;23;;;;;2023;23;;;;;2021.0;-3780.7890625
-1;39100;KELP;2020;25;;;;;2023;25;;;;;2021.5;-3803.6640625
-1;39100;RAINFOREST_RESIN;9998;8;9996;1;9995;24;10004;1;10005;24;;;10001.0;453.0
-1;39200;KELP;2020;30;;;;;2022;2;2023;30;;;2021.0;-3808.9140625
-1;39200;RAINFOREST_RESIN;9996;1;9995;29;;;10004;1;10005;29;;;10000.0;453.0
-1;39300;RAINFOREST_RESIN;9995;27;;;;;10005;27;;;;;10000.0;453.0
-1;39300;KELP;2020;27;;;;;2023;27;;;;;2021.5;-3816.4140625
-1;39400;RAINFOREST_RESIN;9996;1;9995;30;;;10004;1;10005;30;;;10000.0;453.0
-1;39400;KELP;2020;31;;;;;2022;5;2023;31;;;2021.0;-3799.0546875
-1;39500;KELP;2019;27;;;;;2021;3;2022;27;;;2020.0;-3758.9140625
-1;39500;RAINFOREST_RESIN;9995;27;;;;;9998;1;10002;2;10005;27;9996.5;455.0
-1;39600;KELP;2021;4;2019;23;;;2023;23;;;;;2022.0;-3775.546875
-1;39600;RAINFOREST_RESIN;9995;23;;;;;10005;23;;;;;10000.0;457.0
-1;39700;RAINFOREST_RESIN;9996;2;9995;22;;;10004;2;10005;22;;;10000.0;457.0
-1;39700;KELP;2019;28;;;;;2022;2;2023;22;;;2020.5;-3771.2109375
-1;39800;RAINFOREST_RESIN;9996;1;9995;27;;;10004;1;10005;27;;;10000.0;457.0
-1;39800;KELP;2019;28;;;;;2022;1;2023;27;;;2020.5;-3770.890625
-1;39900;KELP;2019;31;;;;;2022;31;;;;;2020.5;-3757.25
-1;39900;RAINFOREST_RESIN;9996;1;9995;30;;;10002;4;10004;1;10005;30;9999.0;457.0
-1;40000;KELP;2018;22;;;;;2022;22;;;;;2020.0;-3740.3671875
-1;40000;RAINFOREST_RESIN;9995;22;;;;;10005;22;;;;;10000.0;457.0
-1;40100;RAINFOREST_RESIN;9996;2;9995;29;;;10002;8;10004;2;10005;29;9999.0;457.0
-1;40100;KELP;2019;31;;;;;2022;31;;;;;2020.5;-3756.515625
-1;40200;RAINFOREST_RESIN;9996;1;9995;28;;;10004;1;10005;28;;;10000.0;457.0
-1;40200;KELP;2019;1;2018;28;;;2022;29;;;;;2020.5;-3739.5
-1;40300;KELP;2019;22;;;;;2022;22;;;;;2020.5;-3746.421875
-1;40300;RAINFOREST_RESIN;9995;22;;;;;9998;1;10005;22;;;9996.5;457.0
-1;40400;KELP;2018;24;;;;;2022;24;;;;;2020.0;-3734.03125
-1;40400;RAINFOREST_RESIN;9996;1;9995;23;;;10004;1;10005;23;;;10000.0;457.0
-1;40500;RAINFOREST_RESIN;10002;1;9996;2;9995;27;10004;2;10005;27;;;10003.0;457.0
-1;40500;KELP;2019;1;2018;27;;;2022;29;;;;;2020.5;-3737.65625
-1;40600;RAINFOREST_RESIN;9996;2;9995;24;;;10004;2;10005;24;;;10000.0;459.0
-1;40600;KELP;2019;4;2018;26;;;2022;26;;;;;2020.5;-3730.875
-1;40700;KELP;2018;22;;;;;2021;22;;;;;2019.5;-3702.71875
-1;40700;RAINFOREST_RESIN;9998;7;9996;2;9995;20;10004;2;10005;20;;;10001.0;459.0
-1;40800;KELP;2018;27;;;;;2021;27;;;;;2019.5;-3714.3359375
-1;40800;RAINFOREST_RESIN;9995;27;;;;;10005;27;;;;;10000.0;459.0
-1;40900;RAINFOREST_RESIN;9998;10;9996;2;9995;26;10004;2;10005;26;;;10001.0;459.0
-1;40900;KELP;2017;28;;;;;2021;28;;;;;2019.0;-3684.75
-1;41000;RAINFOREST_RESIN;9995;21;;;;;10002;10;10005;21;;;9998.5;492.0
-1;41000;KELP;2018;20;;;;;2020;3;2021;21;;;2019.0;-3709.2265625
-1;41100;KELP;2018;24;;;;;2021;27;;;;;2019.5;-3706.8828125
-1;41100;RAINFOREST_RESIN;9995;27;;;;;10005;27;;;;;10000.0;492.0
-1;41200;KELP;2018;29;;;;;2021;29;;;;;2019.5;-3707.703125
-1;41200;RAINFOREST_RESIN;9995;29;;;;;10005;29;;;;;10000.0;492.0
-1;41300;RAINFOREST_RESIN;9998;2;9996;1;9995;24;10004;1;10005;24;;;10001.0;492.0
-1;41300;KELP;2017;25;;;;;2019;4;2021;25;;;2018.0;-3681.265625
-1;41400;RAINFOREST_RESIN;9998;5;9996;2;9995;23;10000;4;10004;2;10005;23;9999.0;492.0
-1;41400;KELP;2017;25;;;;;2018;4;2019;5;2020;25;2017.5;-3646.3671875
-1;41500;KELP;2017;22;;;;;2019;1;2021;22;;;2018.0;-3677.28125
-1;41500;RAINFOREST_RESIN;9998;8;9996;2;9995;20;10004;2;10005;20;;;10001.0;492.0
-1;41600;KELP;2017;23;;;;;2019;7;2020;1;2021;22;2018.0;-3673.75
-1;41600;RAINFOREST_RESIN;9996;1;9995;22;;;10004;1;10005;22;;;10000.0;492.0
-1;41700;RAINFOREST_RESIN;10000;5;9995;21;;;10005;21;;;;;10002.5;492.0
-1;41700;KELP;2019;4;2017;21;;;2021;21;;;;;2020.0;-3683.0390625
-1;41800;RAINFOREST_RESIN;9996;2;9995;22;;;10004;2;10005;22;;;10000.0;492.0
-1;41800;KELP;2018;24;;;;;2021;24;;;;;2019.5;-3703.921875
-1;41900;KELP;2018;22;;;;;2020;1;2021;22;;;2019.0;-3706.4453125
-1;41900;RAINFOREST_RESIN;9996;1;9995;21;;;9998;4;10004;1;10005;21;9997.0;492.0
-1;42000;KELP;2018;31;;;;;2020;5;2021;32;;;2019.0;-3715.609375
-1;42000;RAINFOREST_RESIN;9996;2;9995;30;;;10004;2;10005;30;;;10000.0;500.0
-1;42100;RAINFOREST_RESIN;9998;8;9996;2;9995;21;10004;2;10005;21;;;10001.0;500.0
-1;42100;KELP;2018;23;;;;;2021;2;2022;21;;;2019.5;-3722.0546875
-1;42200;RAINFOREST_RESIN;10002;1;9995;28;;;10005;28;;;;;10003.5;500.0
-1;42200;KELP;2018;28;;;;;2022;28;;;;;2020.0;-3724.3359375
-1;42300;KELP;2018;20;;;;;2019;7;2020;2;2022;20;2018.5;-3726.8359375
-1;42300;RAINFOREST_RESIN;9995;20;;;;;10005;20;;;;;10000.0;500.0
-1;42400;KELP;2019;30;;;;;2022;31;;;;;2020.5;-3744.515625
-1;42400;RAINFOREST_RESIN;9996;2;9995;29;;;10004;2;10005;29;;;10000.0;500.0
-1;42500;RAINFOREST_RESIN;9995;24;;;;;10002;3;10005;24;;;9998.5;500.0
-1;42500;KELP;2019;24;;;;;2022;24;;;;;2020.5;-3743.1328125
-1;42600;RAINFOREST_RESIN;9995;26;;;;;10005;26;;;;;10000.0;500.0
-1;42600;KELP;2019;26;;;;;2022;26;;;;;2020.5;-3748.078125
-1;42700;KELP;2018;26;;;;;2022;26;;;;;2020.0;-3731.796875
-1;42700;RAINFOREST_RESIN;9995;26;;;;;10005;26;;;;;10000.0;500.0
-1;42800;KELP;2019;30;;;;;2022;30;;;;;2020.5;-3743.9765625
-1;42800;RAINFOREST_RESIN;9995;30;;;;;10005;30;;;;;10000.0;500.0
-1;42900;RAINFOREST_RESIN;9995;25;;;;;10005;25;;;;;10000.0;500.0
-1;42900;KELP;2019;25;;;;;2022;25;;;;;2020.5;-3755.5
-1;43000;RAINFOREST_RESIN;9995;23;;;;;10005;23;;;;;10000.0;504.0
-1;43000;KELP;2020;2;2019;23;;;2023;23;;;;;2021.5;-3779.84375
-1;43100;KELP;2020;21;;;;;2023;21;;;;;2021.5;-3797.734375
-1;43100;RAINFOREST_RESIN;9995;21;;;;;10005;21;;;;;10000.0;504.0
-1;43200;KELP;2019;21;;;;;2023;21;;;;;2021.0;-3785.25
-1;43200;RAINFOREST_RESIN;9996;1;9995;20;;;10004;1;10005;20;;;10000.0;504.0
-1;43300;RAINFOREST_RESIN;9996;1;9995;24;;;10004;1;10005;24;;;10000.0;504.0
-1;43300;KELP;2019;25;;;;;2021;2;2023;25;;;2020.0;-3784.96875
-1;43400;RAINFOREST_RESIN;9996;2;9995;22;;;10004;2;10005;22;;;10000.0;504.0
-1;43400;KELP;2021;4;2020;24;;;2023;24;;;;;2022.0;-3792.09375
-1;43500;KELP;2020;22;;;;;2022;7;2023;23;;;2021.0;-3795.65625
-1;43500;RAINFOREST_RESIN;9998;7;9995;23;;;10005;23;;;;;10001.5;504.0
-1;43600;KELP;2020;5;2019;21;;;2023;23;;;;;2021.5;-3789.34375
-1;43600;RAINFOREST_RESIN;9996;2;9995;21;;;10002;9;10004;2;10005;21;9999.0;504.0
-1;43700;KELP;2020;24;;;;;2023;24;;;;;2021.5;-3793.9765625
-1;43700;RAINFOREST_RESIN;9996;1;9995;23;;;10004;1;10005;23;;;10000.0;504.0
-1;43800;RAINFOREST_RESIN;9996;2;9995;26;;;10004;2;10005;26;;;10000.0;504.0
-1;43800;KELP;2020;35;;;;;2023;28;;;;;2021.5;-3801.5546875
-1;43900;KELP;2020;36;;;;;2023;30;;;;;2021.5;-3792.3984375
-1;43900;RAINFOREST_RESIN;10002;4;9998;2;9996;1;10004;1;10005;29;;;10003.0;504.0
-1;44000;RAINFOREST_RESIN;9996;2;9995;20;;;10004;2;10005;20;;;10000.0;512.0
-1;44000;KELP;2020;22;;;;;2022;3;2023;22;;;2021.0;-3849.5
-1;44100;KELP;2019;24;;;;;2023;24;;;;;2021.0;-3888.330078125
-1;44100;RAINFOREST_RESIN;9995;24;;;;;9998;1;10002;2;10005;24;9996.5;512.0
-1;44200;RAINFOREST_RESIN;9995;21;;;;;10005;21;;;;;10000.0;514.0
-1;44200;KELP;2019;21;;;;;2023;21;;;;;2021.0;-3939.30859375
-1;44300;KELP;2019;27;;;;;2023;27;;;;;2021.0;-3959.2578125
-1;44300;RAINFOREST_RESIN;9995;27;;;;;10005;27;;;;;10000.0;514.0
-1;44400;RAINFOREST_RESIN;9998;7;9995;28;;;10005;28;;;;;10001.5;514.0
-1;44400;KELP;2018;28;;;;;2022;28;;;;;2020.0;-4000.234375
-1;44500;KELP;2021;1;2019;2;2018;21;2022;21;;;;;2021.5;-3998.109375
-1;44500;RAINFOREST_RESIN;9995;21;;;;;10005;21;;;;;10000.0;514.0
-1;44600;RAINFOREST_RESIN;9996;1;9995;23;;;10004;1;10005;23;;;10000.0;514.0
-1;44600;KELP;2019;24;;;;;2022;24;;;;;2020.5;-3989.0859375
-1;44700;KELP;2019;29;;;;;2022;29;;;;;2020.5;-3991.4140625
-1;44700;RAINFOREST_RESIN;9995;29;;;;;10002;10;10005;29;;;9998.5;514.0
-1;44800;RAINFOREST_RESIN;9995;29;;;;;9998;1;10002;10;10005;29;9996.5;514.0
-1;44800;KELP;2018;29;;;;;2022;29;;;;;2020.0;-4001.4609375
-1;44900;KELP;2019;1;2018;26;;;2022;26;;;;;2020.5;-4005.1328125
-1;44900;RAINFOREST_RESIN;9996;1;9995;25;;;10004;1;10005;25;;;10000.0;516.0
-1;45000;RAINFOREST_RESIN;10002;1;9996;2;9995;24;10004;2;10005;24;;;10003.0;516.0
-1;45000;KELP;2018;26;;;;;2022;26;;;;;2020.0;-4004.1484375
-1;45100;KELP;2019;27;;;;;2021;5;2022;27;;;2020.0;-3993.2890625
-1;45100;RAINFOREST_RESIN;9996;1;9995;26;;;10004;1;10005;26;;;10000.0;518.0
-1;45200;RAINFOREST_RESIN;9996;1;9995;28;;;10004;1;10005;28;;;10000.0;518.0
-1;45200;KELP;2019;29;;;;;2021;6;2022;29;;;2020.0;-3995.5390625
-1;45300;KELP;2018;26;;;;;2021;22;;;;;2019.5;-4020.6328125
-1;45300;RAINFOREST_RESIN;9995;22;;;;;10005;22;;;;;10000.0;518.0
-1;45400;RAINFOREST_RESIN;9996;2;9995;21;;;9998;1;10004;2;10005;21;9997.0;518.0
-1;45400;KELP;2018;22;;;;;2020;2;2021;23;;;2019.0;-4035.6875
-1;45500;KELP;2018;25;;;;;2019;3;2021;25;;;2018.5;-4031.3515625
-1;45500;RAINFOREST_RESIN;9996;1;9995;24;;;10000;3;10004;1;10005;24;9998.0;520.0
-1;45600;RAINFOREST_RESIN;9995;26;;;;;10002;5;10005;26;;;9998.5;520.0
-1;45600;KELP;2018;33;;;;;2021;26;;;;;2019.5;-4026.4375
-1;45700;KELP;2018;24;;;;;2021;24;;;;;2019.5;-4025.765625
-1;45700;RAINFOREST_RESIN;9995;24;;;;;10005;24;;;;;10000.0;520.0
-1;45800;RAINFOREST_RESIN;9996;1;9995;27;;;10004;1;10005;27;;;10000.0;520.0
-1;45800;KELP;2018;27;;;;;2021;28;;;;;2019.5;-4022.5546875
-1;45900;KELP;2019;4;2018;31;;;2022;31;;;;;2020.5;-4862.1796875
-1;45900;RAINFOREST_RESIN;9996;1;9995;30;;;10004;1;10005;30;;;10000.0;520.0
-1;46000;RAINFOREST_RESIN;9996;2;9995;24;;;10004;2;10005;24;;;10000.0;522.0
-1;46000;KELP;2019;2;2018;24;;;2022;26;;;;;2020.5;-4874.0546875
-1;46100;KELP;2019;25;;;;;2022;25;;;;;2020.5;-4878.21875
-1;46100;RAINFOREST_RESIN;9998;6;9996;2;9995;23;10004;2;10005;23;;;10001.0;522.0
-1;46200;RAINFOREST_RESIN;9998;2;9996;1;9995;27;10004;1;10005;27;;;10001.0;522.0
-1;46200;KELP;2018;28;;;;;2021;1;2022;27;;;2019.5;-4856.9765625
-1;46300;KELP;2018;29;;;;;2021;29;;;;;2019.5;-4844.8984375
-1;46300;RAINFOREST_RESIN;9996;2;9995;27;;;10004;2;10005;27;;;10000.0;522.0
-1;46400;RAINFOREST_RESIN;9995;22;;;;;10005;22;;;;;10000.0;522.0
-1;46400;KELP;2018;22;;;;;2022;22;;;;;2020.0;-4855.75
-1;46500;KELP;2019;6;2018;31;;;2021;31;;;;;2020.0;-4852.8984375
-1;46500;RAINFOREST_RESIN;10000;6;9996;1;9995;30;10004;1;10005;30;;;10002.0;522.0
-1;46600;KELP;2019;3;2018;28;;;2021;1;2022;27;;;2020.0;-4857.3515625
-1;46600;RAINFOREST_RESIN;9998;10;9996;1;9995;27;10004;1;10005;27;;;10001.0;522.0
-1;46700;RAINFOREST_RESIN;9995;26;;;;;10005;26;;;;;10000.0;520.0
-1;46700;KELP;2019;26;;;;;2022;26;;;;;2020.5;-4876.3125
-1;46800;RAINFOREST_RESIN;9996;1;9995;21;;;10004;1;10005;21;;;10000.0;520.0
-1;46800;KELP;2019;22;;;;;2022;22;;;;;2020.5;-4888.7109375
-1;46900;KELP;2021;1;2019;32;;;2022;32;;;;;2021.5;-4877.625
-1;46900;RAINFOREST_RESIN;9996;2;9995;30;;;10004;2;10005;30;;;10000.0;520.0
-1;47000;KELP;2019;21;;;;;2022;21;;;;;2020.5;-4881.328125
-1;47000;RAINFOREST_RESIN;9996;1;9995;20;;;10004;1;10005;20;;;10000.0;520.0
-1;47100;RAINFOREST_RESIN;9996;2;9995;24;;;9998;1;10004;2;10005;24;9997.0;520.0
-1;47100;KELP;2019;22;;;;;2022;26;;;;;2020.5;-4877.671875
-1;47200;RAINFOREST_RESIN;10002;1;9996;2;9995;28;10004;2;10005;28;;;10003.0;522.0
-1;47200;KELP;2019;30;;;;;2022;30;;;;;2020.5;-4879.0546875
-1;47300;KELP;2019;25;;;;;2021;1;2022;25;;;2020.0;-4883.046875
-1;47300;RAINFOREST_RESIN;10002;1;9998;3;9995;25;10005;25;;;;;10003.5;524.0
-1;47400;KELP;2019;25;;;;;2022;24;;;;;2020.5;-4892.8046875
-1;47400;RAINFOREST_RESIN;9995;24;;;;;10002;9;10005;24;;;9998.5;526.0
-1;47500;RAINFOREST_RESIN;9995;30;;;;;10002;1;10005;30;;;9998.5;526.0
-1;47500;KELP;2019;30;;;;;2021;6;2022;30;;;2020.0;-5720.3125
-1;47600;RAINFOREST_RESIN;9996;1;9995;27;;;10004;1;10005;27;;;10000.0;526.0
-1;47600;KELP;2019;28;;;;;2022;28;;;;;2020.5;-5711.6640625
-1;47700;KELP;2019;23;;;;;2022;23;;;;;2020.5;-5709.671875
-1;47700;RAINFOREST_RESIN;9996;1;9995;22;;;10002;8;10004;1;10005;22;9999.0;526.0
-1;47800;KELP;2019;23;;;;;2022;1;2023;22;;;2020.5;-5707.09375
-1;47800;RAINFOREST_RESIN;9996;1;9995;22;;;10002;8;10004;1;10005;22;9999.0;526.0
-1;47900;RAINFOREST_RESIN;10002;1;9995;27;;;10005;27;;;;;10003.5;526.0
-1;47900;KELP;2019;27;;;;;2023;27;;;;;2021.0;-5706.234375
-1;48000;RAINFOREST_RESIN;9995;27;;;;;10005;27;;;;;10000.0;528.0
-1;48000;KELP;2019;27;;;;;2023;27;;;;;2021.0;-5707.1796875
-1;48100;KELP;2019;22;;;;;2022;21;;;;;2020.5;-5716.1953125
-1;48100;RAINFOREST_RESIN;9995;21;;;;;10002;9;10005;21;;;9998.5;528.0
-1;48200;KELP;2019;25;;;;;2022;25;;;;;2020.5;-5718.9609375
-1;48200;RAINFOREST_RESIN;9998;5;9995;25;;;10005;25;;;;;10001.5;528.0
-1;48300;RAINFOREST_RESIN;9996;1;9995;28;;;9998;1;10000;5;10004;1;9997.0;528.0
-1;48300;KELP;2018;29;;;;;2019;5;2022;29;;;2018.5;-5752.390625
-1;48400;RAINFOREST_RESIN;9995;27;;;;;10002;7;10005;27;;;9998.5;530.0
-1;48400;KELP;2019;1;2018;27;;;2022;27;;;;;2020.5;-5745.6796875
-1;48500;KELP;2019;1;2018;29;;;2022;29;;;;;2020.5;-5748.296875
-1;48500;RAINFOREST_RESIN;9995;29;;;;;9998;1;10005;29;;;9996.5;530.0
-1;48600;KELP;2019;1;2018;29;;;2022;29;;;;;2020.5;-5747.40625
-1;48600;RAINFOREST_RESIN;9996;1;9995;28;;;10004;1;10005;28;;;10000.0;532.0
-1;48700;RAINFOREST_RESIN;9996;1;9995;22;;;10004;1;10005;22;;;10000.0;533.0
-1;48700;KELP;2018;23;;;;;2022;23;;;;;2020.0;-5750.609375
-1;48800;RAINFOREST_RESIN;9996;1;9995;23;;;10004;1;10005;23;;;10000.0;533.0
-1;48800;KELP;2019;29;;;;;2022;24;;;;;2020.5;-5735.8828125
-1;48900;KELP;2019;34;;;;;2022;27;;;;;2020.5;-5730.203125
-1;48900;RAINFOREST_RESIN;9995;27;;;;;10005;27;;;;;10000.0;533.0
-1;49000;KELP;2019;39;;;;;2022;32;;;;;2020.5;-5734.734375
-1;49000;RAINFOREST_RESIN;9996;2;9995;30;;;10004;2;10005;30;;;10000.0;533.0
-1;49100;RAINFOREST_RESIN;9996;2;9995;30;;;10004;2;10005;30;;;10000.0;533.0
-1;49100;KELP;2019;40;;;;;2022;32;;;;;2020.5;-5720.84375
-1;49200;RAINFOREST_RESIN;9996;1;9995;20;;;10004;1;10005;20;;;10000.0;533.0
-1;49200;KELP;2019;21;;;;;2022;21;;;;;2020.5;-5731.984375
-1;49300;KELP;2019;21;;;;;2022;22;;;;;2020.5;-5725.78125
-1;49300;RAINFOREST_RESIN;9998;9;9996;1;9995;21;10004;1;10005;21;;;10001.0;533.0
-1;49400;KELP;2021;9;2020;5;2019;20;2022;20;;;;;2021.5;-6100.421875
-1;49400;RAINFOREST_RESIN;9995;20;;;;;10005;20;;;;;10000.0;533.0
-1;49500;RAINFOREST_RESIN;9996;2;9995;30;;;10004;2;10005;30;;;10000.0;533.0
-1;49500;KELP;2019;40;;;;;2022;32;;;;;2020.5;-6109.6015625
-1;49600;RAINFOREST_RESIN;9995;24;;;;;10005;24;;;;;10000.0;533.0
-1;49600;KELP;2021;1;2019;24;;;2022;24;;;;;2021.5;-6117.84375
-1;49700;KELP;2019;28;;;;;2022;28;;;;;2020.5;-6115.390625
-1;49700;RAINFOREST_RESIN;9998;7;9996;2;9995;26;10004;2;10005;26;;;10001.0;533.0
-1;49800;KELP;2019;25;;;;;2020;5;2023;25;;;2019.5;-6138.4375
-1;49800;RAINFOREST_RESIN;9996;2;9995;23;;;10004;2;10005;23;;;10000.0;533.0
-1;49900;RAINFOREST_RESIN;9998;3;9995;23;;;10005;23;;;;;10001.5;533.0
-1;49900;KELP;2019;23;;;;;2023;23;;;;;2021.0;-6132.8828125
-1;50000;RAINFOREST_RESIN;9996;1;9995;20;;;10004;1;10005;20;;;10000.0;537.0
-1;50000;KELP;2019;21;;;;;2022;1;2023;20;;;2020.5;-6127.546875
-1;50100;KELP;2019;24;;;;;2021;2;2022;24;;;2020.0;-6121.1015625
-1;50100;RAINFOREST_RESIN;9995;24;;;;;10005;24;;;;;10000.0;537.0
-1;50200;KELP;2019;24;;;;;2023;24;;;;;2021.0;-6136.25
-1;50200;RAINFOREST_RESIN;9995;24;;;;;10005;24;;;;;10000.0;537.0
-1;50300;RAINFOREST_RESIN;9995;30;;;;;10002;10;10005;30;;;9998.5;537.0
-1;50300;KELP;2019;30;;;;;2023;30;;;;;2021.0;-6140.8984375
-1;50400;RAINFOREST_RESIN;9998;4;9996;1;9995;22;10000;2;10004;1;10005;22;9999.0;537.0
-1;50400;KELP;2019;23;;;;;2021;3;2023;23;;;2020.0;-6139.953125
-1;50500;KELP;2019;25;;;;;2023;25;;;;;2021.0;-6138.2421875
-1;50500;RAINFOREST_RESIN;9996;2;9995;23;;;10004;2;10005;23;;;10000.0;537.0
-1;50600;KELP;2019;21;;;;;2020;6;2023;23;;;2019.5;-6142.1171875
-1;50600;RAINFOREST_RESIN;10002;1;9996;2;9995;21;10004;2;10005;21;;;10003.0;537.0
-1;50700;RAINFOREST_RESIN;9996;2;9995;22;;;10004;2;10005;22;;;10000.0;540.0
-1;50700;KELP;2020;24;;;;;2023;24;;;;;2021.5;-6145.78125
-1;50800;RAINFOREST_RESIN;10002;5;9996;2;9995;22;10004;2;10005;22;;;10003.0;540.0
-1;50800;KELP;2022;1;2020;24;;;2023;24;;;;;2022.5;-6152.78125
-1;50900;KELP;2020;28;;;;;2022;4;2023;28;;;2021.0;-6155.9375
-1;50900;RAINFOREST_RESIN;9996;1;9995;27;;;10004;1;10005;27;;;10000.0;540.0
-1;51000;KELP;2020;28;;;;;2023;28;;;;;2021.5;-6151.4609375
-1;51000;RAINFOREST_RESIN;9996;2;9995;26;;;10004;2;10005;26;;;10000.0;540.0
-1;51100;RAINFOREST_RESIN;9998;6;9996;1;9995;25;10004;1;10005;25;;;10001.0;540.0
-1;51100;KELP;2020;26;;;;;2023;26;;;;;2021.5;-6161.0390625
-1;51200;RAINFOREST_RESIN;9996;2;9995;28;;;10004;2;10005;28;;;10000.0;540.0
-1;51200;KELP;2020;30;;;;;2023;30;;;;;2021.5;-6154.890625
-1;51300;KELP;2020;25;;;;;2023;25;;;;;2021.5;-6172.34375
-1;51300;RAINFOREST_RESIN;9996;1;9995;24;;;10004;1;10005;24;;;10000.0;540.0
-1;51400;KELP;2020;30;;;;;2023;30;;;;;2021.5;-6162.265625
-1;51400;RAINFOREST_RESIN;9995;30;;;;;10002;3;10005;30;;;9998.5;540.0
-1;51500;RAINFOREST_RESIN;9995;30;;;;;10005;30;;;;;10000.0;540.0
-1;51500;KELP;2022;1;2020;30;;;2023;30;;;;;2022.5;-6161.109375
-1;51600;RAINFOREST_RESIN;10000;5;9996;2;9995;22;10002;1;10004;2;10005;22;10001.0;540.0
-1;51600;KELP;2021;5;2020;24;;;2023;24;;;;;2022.0;-6163.5703125
-1;51700;KELP;2020;16;;;;;2023;20;;;;;2021.5;-6155.9375
-1;51700;RAINFOREST_RESIN;9995;20;;;;;10005;20;;;;;10000.0;540.0
-1;51800;KELP;2020;1;2019;24;;;2023;25;;;;;2021.5;-6145.25
-1;51800;RAINFOREST_RESIN;9996;1;9995;24;;;10004;1;10005;24;;;10000.0;540.0
-1;51900;RAINFOREST_RESIN;9996;1;9995;23;;;10004;1;10005;23;;;10000.0;540.0
-1;51900;KELP;2021;4;2019;24;;;2023;24;;;;;2022.0;-6135.6015625
-1;52000;RAINFOREST_RESIN;9998;3;9995;29;;;10005;29;;;;;10001.5;541.0
-1;52000;KELP;2019;29;;;;;2021;6;2023;29;;;2020.0;-6141.140625
-1;52100;KELP;2019;21;;;;;2023;21;;;;;2021.0;-6142.15625
-1;52100;RAINFOREST_RESIN;9995;21;;;;;10005;21;;;;;10000.0;541.0
-1;52200;KELP;2019;31;;;;;2023;31;;;;;2021.0;-6133.578125
-1;52200;RAINFOREST_RESIN;9996;2;9995;29;;;10004;2;10005;29;;;10000.0;541.0
-1;52300;RAINFOREST_RESIN;10002;1;9996;1;9995;27;10004;1;10005;27;;;10003.0;541.0
-1;52300;KELP;2022;1;2019;28;;;2023;28;;;;;2022.5;-6138.5390625
-1;52400;RAINFOREST_RESIN;9998;3;9996;1;9995;29;10004;1;10005;29;;;10001.0;543.0
-1;52400;KELP;2020;30;;;;;2023;30;;;;;2021.5;-6160.4296875
-1;52500;KELP;2022;1;2020;28;;;2023;28;;;;;2022.5;-6157.6875
-1;52500;RAINFOREST_RESIN;9996;1;9995;27;;;9998;1;10004;1;10005;27;9997.0;543.0
-1;52600;RAINFOREST_RESIN;9998;1;9996;1;9995;22;10000;4;10004;1;10005;22;9999.0;545.0
-1;52600;KELP;2020;1;2019;22;;;2021;4;2023;23;;;2020.5;-6140.65625
-1;52700;KELP;2019;26;;;;;2023;27;;;;;2021.0;-6132.96875
-1;52700;RAINFOREST_RESIN;9996;2;9995;25;;;10004;2;10005;25;;;10000.0;545.0
-1;52800;RAINFOREST_RESIN;9995;26;;;;;10005;26;;;;;10000.0;545.0
-1;52800;KELP;2019;26;;;;;2023;26;;;;;2021.0;-6145.2421875
-1;52900;KELP;2020;30;;;;;2023;30;;;;;2021.5;-6146.875
-1;52900;RAINFOREST_RESIN;9995;30;;;;;10005;30;;;;;10000.0;545.0
-1;53000;RAINFOREST_RESIN;10002;1;9996;1;9995;20;10004;1;10005;20;;;10003.0;557.0
-1;53000;KELP;2020;21;;;;;2023;21;;;;;2021.5;-6154.890625
-1;53100;KELP;2019;24;;;;;2023;24;;;;;2021.0;-6137.3671875
-1;53100;RAINFOREST_RESIN;9995;24;;;;;10005;24;;;;;10000.0;559.0
-1;53200;RAINFOREST_RESIN;9996;1;9995;30;;;10004;1;10005;30;;;10000.0;559.0
-1;53200;KELP;2022;1;2019;31;;;2023;31;;;;;2022.5;-6139.5859375
-1;53300;KELP;2020;29;;;;;2023;29;;;;;2021.5;-6147.3125
-1;53300;RAINFOREST_RESIN;9995;29;;;;;10005;29;;;;;10000.0;559.0
-1;53400;RAINFOREST_RESIN;9998;6;9996;2;9995;23;10004;2;10005;23;;;10001.0;559.0
-1;53400;KELP;2020;25;;;;;2023;25;;;;;2021.5;-6158.453125
-1;53500;KELP;2020;23;;;;;2023;23;;;;;2021.5;-6152.59375
-1;53500;RAINFOREST_RESIN;9996;2;9995;21;;;10002;1;10004;2;10005;21;9999.0;559.0
-1;53600;RAINFOREST_RESIN;9995;24;;;;;9998;9;10005;24;;;9996.5;559.0
-1;53600;KELP;2020;24;;;;;2023;24;;;;;2021.5;-6146.6484375
-1;53700;KELP;2019;30;;;;;2023;30;;;;;2021.0;-6140.828125
-1;53700;RAINFOREST_RESIN;9998;1;9995;30;;;10005;30;;;;;10001.5;573.0
-1;53800;RAINFOREST_RESIN;10002;3;9995;30;;;10005;30;;;;;10003.5;573.0
-1;53800;KELP;2019;30;;;;;2023;30;;;;;2021.0;-6139.7890625
-1;53900;KELP;2019;27;;;;;2023;27;;;;;2021.0;-6136.7734375
-1;53900;RAINFOREST_RESIN;9996;2;9995;25;;;10004;2;10005;25;;;10000.0;573.0
-1;54000;RAINFOREST_RESIN;9998;6;9996;1;9995;30;10004;1;10005;30;;;10001.0;579.0
-1;54000;KELP;2020;31;;;;;2022;1;2023;31;;;2021.0;-6154.6328125
-1;54100;KELP;2020;24;;;;;2022;2;2023;24;;;2021.0;-6152.6484375
-1;54100;RAINFOREST_RESIN;9998;2;9996;2;9995;22;10004;2;10005;22;;;10001.0;579.0
-1;54200;RAINFOREST_RESIN;9995;28;;;;;10005;28;;;;;10000.0;579.0
-1;54200;KELP;2020;28;;;;;2023;28;;;;;2021.5;-6151.25
-1;54300;KELP;2022;1;2019;25;;;2023;25;;;;;2022.5;-6134.59375
-1;54300;RAINFOREST_RESIN;9996;2;9995;23;;;10004;2;10005;23;;;10000.0;579.0
-1;54400;RAINFOREST_RESIN;9995;29;;;;;10005;29;;;;;10000.0;588.0
-1;54400;KELP;2019;29;;;;;2022;29;;;;;2020.5;-6123.0078125
-1;54500;KELP;2019;21;;;;;2022;21;;;;;2020.5;-6118.1953125
-1;54500;RAINFOREST_RESIN;9996;1;9995;20;;;10004;1;10005;20;;;10000.0;588.0
-1;54600;RAINFOREST_RESIN;10002;3;9995;27;;;10005;27;;;;;10003.5;588.0
-1;54600;KELP;2019;27;;;;;2023;27;;;;;2021.0;-6124.6953125
-1;54700;KELP;2019;29;;;;;2020;4;2022;29;;;2019.5;-6122.796875
-1;54700;RAINFOREST_RESIN;9996;2;9995;27;;;10004;2;10005;27;;;10000.0;594.0
-1;54800;RAINFOREST_RESIN;9998;8;9995;27;;;10005;27;;;;;10001.5;594.0
-1;54800;KELP;2019;27;;;;;2021;1;2022;27;;;2020.0;-6121.1015625
-1;54900;KELP;2019;29;;;;;2022;29;;;;;2020.5;-6118.5
-1;54900;RAINFOREST_RESIN;9996;1;9995;28;;;10002;3;10004;1;10005;28;9999.0;594.0
-1;55000;RAINFOREST_RESIN;9996;2;9995;28;;;10002;8;10004;2;10005;28;9999.0;594.0
-1;55000;KELP;2019;36;;;;;2022;30;;;;;2020.5;-6107.3359375
-1;55100;KELP;2019;37;;;;;2022;29;;;;;2020.5;-6099.6875
-1;55100;RAINFOREST_RESIN;9995;29;;;;;10005;29;;;;;10000.0;594.0
-1;55200;RAINFOREST_RESIN;9996;2;9995;21;;;10004;2;10005;21;;;10000.0;592.0
-1;55200;KELP;2018;21;;;;;2019;3;2020;8;2022;23;2018.5;-6146.37109375
-1;55300;RAINFOREST_RESIN;9996;2;9995;27;;;9998;1;10002;2;10004;2;9997.0;592.0
-1;55300;KELP;2018;29;;;;;2022;29;;;;;2020.0;-6256.5625
-1;55400;RAINFOREST_RESIN;9998;3;9996;1;9995;21;10004;1;10005;21;;;10001.0;592.0
-1;55400;KELP;2019;2;2018;22;;;2022;22;;;;;2020.5;-6255.0390625
-1;55500;KELP;2021;1;2019;4;2018;25;2022;25;;;;;2021.5;-6251.3125
-1;55500;RAINFOREST_RESIN;9995;25;;;;;10002;9;10005;25;;;9998.5;592.0
-1;55600;KELP;2019;3;2018;26;;;2022;26;;;;;2020.5;-6253.7890625
-1;55600;RAINFOREST_RESIN;9995;26;;;;;10005;26;;;;;10000.0;592.0
-1;55700;RAINFOREST_RESIN;9996;2;9995;21;;;10004;2;10005;21;;;10000.0;592.0
-1;55700;KELP;2019;25;;;;;2022;23;;;;;2020.5;-6249.2890625
-1;55800;RAINFOREST_RESIN;9998;6;9996;1;9995;26;10004;1;10005;26;;;10001.0;593.0
-1;55800;KELP;2018;27;;;;;2022;27;;;;;2020.0;-6254.8671875
-1;55900;KELP;2018;22;;;;;2022;22;;;;;2020.0;-6264.2109375
-1;55900;RAINFOREST_RESIN;9995;22;;;;;10005;22;;;;;10000.0;593.0
-1;56000;KELP;2018;24;;;;;2019;3;2021;2;2022;22;2018.5;-6268.703125
-1;56000;RAINFOREST_RESIN;9996;2;9995;22;;;10002;10;10004;2;10005;22;9999.0;593.0
-1;56100;RAINFOREST_RESIN;9996;2;9995;20;;;10004;2;10005;20;;;10000.0;593.0
-1;56100;KELP;2019;22;;;;;2022;22;;;;;2020.5;-6243.4765625
-1;56200;RAINFOREST_RESIN;9996;1;9995;29;;;10004;1;10005;29;;;10000.0;593.0
-1;56200;KELP;2020;2;2018;30;;;2022;30;;;;;2021.0;-6254.90625
-1;56300;KELP;2019;6;2018;27;;;2022;27;;;;;2020.5;-6256.21875
-1;56300;RAINFOREST_RESIN;10002;1;9996;2;9995;25;10004;2;10005;25;;;10003.0;593.0
-1;56400;KELP;2018;31;;;;;2022;31;;;;;2020.0;-6258.28125
-1;56400;RAINFOREST_RESIN;9996;1;9995;30;;;10004;1;10005;30;;;10000.0;595.0
-1;56500;RAINFOREST_RESIN;9996;2;9995;27;;;10004;2;10005;27;;;10000.0;595.0
-1;56500;KELP;2018;29;;;;;2022;29;;;;;2020.0;-6259.734375
-1;56600;RAINFOREST_RESIN;9996;2;9995;29;;;10002;4;10004;2;10005;29;9999.0;595.0
-1;56600;KELP;2019;2;2018;29;;;2022;31;;;;;2020.5;-6252.2421875
-1;56700;KELP;2020;6;2018;26;;;2022;26;;;;;2021.0;-6262.2734375
-1;56700;RAINFOREST_RESIN;9998;3;9996;2;9995;24;10000;2;10004;2;10005;24;9999.0;595.0
-1;56800;KELP;2018;24;;;;;2021;2;2022;22;;;2019.5;-6267.5078125
-1;56800;RAINFOREST_RESIN;10002;1;9998;10;9996;2;10004;2;10005;22;;;10003.0;595.0
-1;56900;RAINFOREST_RESIN;9996;2;9995;20;;;10004;2;10005;20;;;10000.0;597.0
-1;56900;KELP;2018;24;;;;;2021;22;;;;;2019.5;-6279.4375
-1;57000;RAINFOREST_RESIN;9996;1;9995;27;;;10004;1;10005;27;;;10000.0;597.0
-1;57000;KELP;2018;28;;;;;2020;8;2021;28;;;2019.0;-6296.0546875
-1;57100;KELP;2017;27;;;;;2020;27;;;;;2018.5;-6322.546875
-1;57100;RAINFOREST_RESIN;9996;2;9995;25;;;10004;2;10005;25;;;10000.0;597.0
-1;57200;KELP;2019;1;2017;27;;;2020;27;;;;;2019.5;-6330.3671875
-1;57200;RAINFOREST_RESIN;10002;2;9996;1;9995;26;10004;1;10005;26;;;10003.0;597.0
-1;57300;RAINFOREST_RESIN;9996;1;9995;26;;;10002;9;10004;1;10005;26;9999.0;601.0
-1;57300;KELP;2017;27;;;;;2020;27;;;;;2018.5;-6325.265625
-1;57400;RAINFOREST_RESIN;9995;24;;;;;10005;24;;;;;10000.0;601.0
-1;57400;KELP;2017;24;;;;;2019;2;2020;24;;;2018.0;-6329.9609375
-1;57500;KELP;2019;5;2017;30;;;2020;25;;;;;2019.5;-6329.1484375
-1;57500;RAINFOREST_RESIN;9998;5;9996;2;9995;23;10004;2;10005;23;;;10001.0;601.0
-1;57600;KELP;2017;24;;;;;2020;24;;;;;2018.5;-6325.34375
-1;57600;RAINFOREST_RESIN;9995;24;;;;;10005;24;;;;;10000.0;601.0
-1;57700;RAINFOREST_RESIN;9995;29;;;;;10005;29;;;;;10000.0;601.0
-1;57700;KELP;2017;29;;;;;2020;29;;;;;2018.5;-6326.140625
-1;57800;RAINFOREST_RESIN;9998;1;9996;2;9995;29;10004;2;10005;29;;;10001.0;601.0
-1;57800;KELP;2017;31;;;;;2020;2;2021;29;;;2018.5;-6315.8359375
-1;57900;KELP;2017;27;;;;;2018;6;2019;5;2020;2;2017.5;-6319.4140625
-1;57900;RAINFOREST_RESIN;9996;2;9995;25;;;9998;1;10000;6;10004;2;9997.0;601.0
-1;58000;KELP;2017;29;;;;;2020;1;2021;24;;;2018.5;-6320.109375
-1;58000;RAINFOREST_RESIN;9996;1;9995;24;;;9998;4;10004;1;10005;24;9997.0;603.0
-1;58100;RAINFOREST_RESIN;9995;23;;;;;10005;23;;;;;10000.0;603.0
-1;58100;KELP;2017;23;;;;;2020;23;;;;;2018.5;-6335.484375
-1;58200;RAINFOREST_RESIN;9996;1;9995;30;;;10004;1;10005;30;;;10000.0;603.0
-1;58200;KELP;2017;31;;;;;2020;31;;;;;2018.5;-6332.359375
-1;58300;KELP;2017;29;;;;;2020;29;;;;;2018.5;-6334.78125
-1;58300;RAINFOREST_RESIN;9995;29;;;;;10005;29;;;;;10000.0;603.0
-1;58400;KELP;2016;23;;;;;2018;1;2019;23;;;2017.0;-6389.5625
-1;58400;RAINFOREST_RESIN;9996;2;9995;21;;;10004;2;10005;21;;;10000.0;603.0
-1;58500;RAINFOREST_RESIN;9995;21;;;;;10002;1;10005;21;;;9998.5;603.0
-1;58500;KELP;2016;21;;;;;2019;21;;;;;2017.5;-6398.2109375
-1;58600;RAINFOREST_RESIN;10002;1;9995;25;;;10005;25;;;;;10003.5;603.0
-1;58600;KELP;2015;25;;;;;2017;7;2019;25;;;2016.0;-6411.0390625
-1;58700;KELP;2015;34;;;;;2018;32;;;;;2016.5;-6424.46875
-1;58700;RAINFOREST_RESIN;9996;2;9995;30;;;10004;2;10005;30;;;10000.0;605.0
-1;58800;KELP;2015;29;;;;;2019;29;;;;;2017.0;-6412.5390625
-1;58800;RAINFOREST_RESIN;9995;29;;;;;10002;1;10005;29;;;9998.5;605.0
-1;58900;RAINFOREST_RESIN;9996;1;9995;24;;;10004;1;10005;24;;;10000.0;617.0
-1;58900;KELP;2015;25;;;;;2019;25;;;;;2017.0;-6405.2734375
-1;59000;RAINFOREST_RESIN;9996;2;9995;20;;;10004;2;10005;20;;;10000.0;617.0
-1;59000;KELP;2016;22;;;;;2019;22;;;;;2017.5;-6391.15625
-1;59100;KELP;2016;34;;;;;2019;27;;;;;2017.5;-6379.59375
-1;59100;RAINFOREST_RESIN;9995;27;;;;;10005;27;;;;;10000.0;617.0
-1;59200;KELP;2016;31;;;;;2020;31;;;;;2018.0;-6356.390625
-1;59200;RAINFOREST_RESIN;9998;4;9996;2;9995;29;10004;2;10005;29;;;10001.0;619.0
-1;59300;RAINFOREST_RESIN;9996;1;9995;26;;;10004;1;10005;26;;;10000.0;619.0
-1;59300;KELP;2016;26;;;;;2018;2;2019;27;;;2017.0;-6377.90625
-1;59400;RAINFOREST_RESIN;9996;1;9995;21;;;10004;1;10005;21;;;10000.0;619.0
-1;59400;KELP;2015;22;;;;;2019;22;;;;;2017.0;-6405.8046875
-1;59500;KELP;2015;23;;;;;2019;23;;;;;2017.0;-6401.1640625
-1;59500;RAINFOREST_RESIN;10002;5;9995;23;;;10005;23;;;;;10003.5;619.0
-1;59600;KELP;2016;29;;;;;2019;29;;;;;2017.5;-6395.3359375
-1;59600;RAINFOREST_RESIN;9996;2;9995;27;;;10004;2;10005;27;;;10000.0;619.0
-1;59700;RAINFOREST_RESIN;9995;21;;;;;10005;21;;;;;10000.0;619.0
-1;59700;KELP;2015;21;;;;;2018;21;;;;;2016.5;-6437.1796875
-1;59800;RAINFOREST_RESIN;9996;1;9995;24;;;10004;1;10005;24;;;10000.0;619.0
-1;59800;KELP;2015;25;;;;;2018;25;;;;;2016.5;-6431.3984375
-1;59900;KELP;2015;24;;;;;2018;24;;;;;2016.5;-6437.5703125
-1;59900;RAINFOREST_RESIN;9996;1;9995;23;;;10002;6;10004;1;10005;23;9999.0;619.0
-1;60000;KELP;2015;22;;;;;2018;22;;;;;2016.5;-6432.5078125
-1;60000;RAINFOREST_RESIN;9998;3;9995;22;;;10005;22;;;;;10001.5;619.0
-1;60100;RAINFOREST_RESIN;9996;2;9995;25;;;10004;2;10005;25;;;10000.0;620.0
-1;60100;KELP;2015;27;;;;;2018;27;;;;;2016.5;-6436.46875
-1;60200;RAINFOREST_RESIN;9995;25;;;;;10005;25;;;;;10000.0;620.0
-1;60200;KELP;2016;3;2015;25;;;2018;25;;;;;2017.0;-6447.8984375
-1;60300;KELP;2015;28;;;;;2018;28;;;;;2016.5;-6449.3359375
-1;60300;RAINFOREST_RESIN;9996;1;9995;27;;;10004;1;10005;27;;;10000.0;628.0
-1;60400;KELP;2015;1;2014;20;;;2018;21;;;;;2016.5;-6454.0078125
-1;60400;RAINFOREST_RESIN;9996;1;9995;20;;;9998;1;10004;1;10005;20;9997.0;628.0
-1;60500;RAINFOREST_RESIN;9996;1;9995;23;;;10004;1;10005;23;;;10000.0;628.0
-1;60500;KELP;2015;24;;;;;2018;24;;;;;2016.5;-6427.7890625
-1;60600;RAINFOREST_RESIN;9996;2;9995;22;;;10004;2;10005;22;;;10000.0;628.0
-1;60600;KELP;2015;26;;;;;2018;24;;;;;2016.5;-6429.21875
-1;60700;KELP;2015;22;;;;;2017;5;2018;22;;;2016.0;-6429.609375
-1;60700;RAINFOREST_RESIN;9995;22;;;;;10005;22;;;;;10000.0;628.0
-1;60800;KELP;2015;31;;;;;2018;32;;;;;2016.5;-6428.9296875
-1;60800;RAINFOREST_RESIN;10002;10;9996;2;9995;30;10004;2;10005;30;;;10003.0;628.0
-1;60900;RAINFOREST_RESIN;9996;2;9995;29;;;10004;2;10005;29;;;10000.0;648.0
-1;60900;KELP;2015;28;;;;;2017;4;2018;31;;;2016.0;-7269.265625
-1;61000;RAINFOREST_RESIN;9995;28;;;;;10005;28;;;;;10000.0;648.0
-1;61000;KELP;2015;28;;;;;2018;28;;;;;2016.5;-7275.7890625
-1;61100;KELP;2015;29;;;;;2017;3;2018;29;;;2016.0;-7261.3046875
-1;61100;RAINFOREST_RESIN;9995;29;;;;;10005;29;;;;;10000.0;648.0
-1;61200;KELP;2015;22;;;;;2016;2;2018;22;;;2015.5;-7273.6015625
-1;61200;RAINFOREST_RESIN;9998;9;9996;1;9995;21;10000;2;10004;1;10005;21;9999.0;648.0
-1;61300;RAINFOREST_RESIN;9996;1;9995;22;;;10004;1;10005;22;;;10000.0;648.0
-1;61300;KELP;2015;23;;;;;2018;23;;;;;2016.5;-7286.875
-1;61400;RAINFOREST_RESIN;9996;1;9995;30;;;10004;1;10005;30;;;10000.0;648.0
-1;61400;KELP;2015;31;;;;;2018;1;2019;30;;;2016.5;-7291.828125
-1;61500;KELP;2015;29;;;;;2018;29;;;;;2016.5;-7272.4453125
-1;61500;RAINFOREST_RESIN;9996;2;9995;27;;;10004;2;10005;27;;;10000.0;648.0
-1;61600;RAINFOREST_RESIN;9996;2;9995;28;;;10004;2;10005;28;;;10000.0;648.0
-1;61600;KELP;2015;30;;;;;2017;5;2018;30;;;2016.0;-7261.8203125
-1;61700;KELP;2014;26;;;;;2016;7;2017;27;;;2015.0;-7226.3359375
-1;61700;RAINFOREST_RESIN;9996;1;9995;26;;;10004;1;10005;26;;;10000.0;648.0
-1;61800;RAINFOREST_RESIN;9995;20;;;;;10005;20;;;;;10000.0;648.0
-1;61800;KELP;2015;20;;;;;2018;20;;;;;2016.5;-7263.9375
-1;61900;KELP;2014;26;;;;;2017;26;;;;;2015.5;-7230.359375
-1;61900;RAINFOREST_RESIN;9995;26;;;;;9998;1;10005;26;;;9996.5;648.0
-1;62000;RAINFOREST_RESIN;9995;20;;;;;10005;20;;;;;10000.0;652.0
-1;62000;KELP;2016;1;2014;20;;;2017;20;;;;;2016.5;-7233.1640625
-1;62100;KELP;2014;25;;;;;2017;25;;;;;2015.5;-7236.2734375
-1;62100;RAINFOREST_RESIN;9996;2;9995;23;;;10004;2;10005;23;;;10000.0;652.0
-1;62200;RAINFOREST_RESIN;9995;25;;;;;10002;3;10005;25;;;9998.5;652.0
-1;62200;KELP;2014;25;;;;;2017;25;;;;;2015.5;-7229.5
-1;62300;KELP;2014;22;;;;;2017;22;;;;;2015.5;-7234.671875
-1;62300;RAINFOREST_RESIN;9995;22;;;;;10005;22;;;;;10000.0;652.0
-1;62400;RAINFOREST_RESIN;9996;2;9995;23;;;10004;2;10005;23;;;10000.0;656.0
-1;62400;KELP;2014;25;;;;;2016;8;2018;25;;;2015.0;-7255.1484375
-1;62500;KELP;2015;3;2014;23;;;2018;24;;;;;2016.5;-7256.484375
-1;62500;RAINFOREST_RESIN;9996;1;9995;23;;;10004;1;10005;23;;;10000.0;656.0
-1;62600;RAINFOREST_RESIN;9995;29;;;;;10005;29;;;;;10000.0;656.0
-1;62600;KELP;2015;29;;;;;2018;29;;;;;2016.5;-7279.21875
-1;62700;KELP;2015;26;;;;;2018;26;;;;;2016.5;-7277.2265625
-1;62700;RAINFOREST_RESIN;9996;2;9995;24;;;10004;2;10005;24;;;10000.0;656.0
-1;62800;RAINFOREST_RESIN;9995;26;;;;;10005;26;;;;;10000.0;656.0
-1;62800;KELP;2015;25;;;;;2017;1;2019;26;;;2016.0;-7295.453125
-1;62900;KELP;2016;29;;;;;2018;1;2019;29;;;2017.0;-7322.0
-1;62900;RAINFOREST_RESIN;9996;2;9995;27;;;9998;4;10004;2;10005;27;9997.0;656.0
-1;63000;RAINFOREST_RESIN;9995;29;;;;;10005;29;;;;;10000.0;656.0
-1;63000;KELP;2016;29;;;;;2018;4;2019;29;;;2017.0;-7324.7421875
-1;63100;KELP;2016;25;;;;;2020;26;;;;;2018.0;-7347.5859375
-1;63100;RAINFOREST_RESIN;9996;2;9995;24;;;10004;2;10005;24;;;10000.0;656.0
-1;63200;RAINFOREST_RESIN;9995;28;;;;;10005;28;;;;;10000.0;656.0
-1;63200;KELP;2016;28;;;;;2020;28;;;;;2018.0;-7349.3515625
-1;63300;KELP;2016;32;;;;;2019;2;2020;30;;;2017.5;-7343.234375
-1;63300;RAINFOREST_RESIN;9996;2;9995;30;;;10004;2;10005;30;;;10000.0;656.0
-1;63400;RAINFOREST_RESIN;9996;2;9995;24;;;10004;2;10005;24;;;10000.0;656.0
-1;63400;KELP;2018;3;2016;26;;;2020;26;;;;;2019.0;-7346.2734375
-1;63500;KELP;2016;22;;;;;2019;20;;;;;2017.5;-7338.6484375
-1;63500;RAINFOREST_RESIN;9998;8;9995;20;;;10005;20;;;;;10001.5;656.0
-1;63600;RAINFOREST_RESIN;9995;21;;;;;10005;21;;;;;10000.0;656.0
-1;63600;KELP;2018;1;2016;21;;;2019;21;;;;;2018.5;-7334.109375
-1;63700;KELP;2017;8;2016;30;;;2019;2;2020;28;;;2018.0;-7343.1796875
-1;63700;RAINFOREST_RESIN;9996;2;9995;28;;;10002;6;10004;2;10005;28;9999.0;656.0
-1;63800;RAINFOREST_RESIN;9996;1;9995;21;;;10004;1;10005;21;;;10000.0;656.0
-1;63800;KELP;2016;21;;;;;2018;7;2020;22;;;2017.0;-7348.453125
-1;63900;KELP;2016;21;;;;;2018;6;2020;21;;;2017.0;-7340.875
-1;63900;RAINFOREST_RESIN;9995;21;;;;;10005;21;;;;;10000.0;656.0
-1;64000;RAINFOREST_RESIN;9998;6;9995;30;;;10005;30;;;;;10001.5;692.0
-1;64000;KELP;2016;30;;;;;2019;30;;;;;2017.5;-7336.015625
-1;64100;KELP;2016;27;;;;;2019;27;;;;;2017.5;-7336.0390625
-1;64100;RAINFOREST_RESIN;9995;27;;;;;10002;6;10005;27;;;9998.5;692.0
-1;64200;KELP;2015;25;;;;;2018;25;;;;;2016.5;-7285.5
-1;64200;RAINFOREST_RESIN;9996;1;9995;24;;;10004;1;10005;24;;;10000.0;692.0
-1;64300;RAINFOREST_RESIN;9998;7;9996;1;9995;22;10004;1;10005;22;;;10001.0;694.0
-1;64300;KELP;2015;23;;;;;2018;23;;;;;2016.5;-7272.8125
-1;64400;RAINFOREST_RESIN;9998;8;9996;2;9995;27;10004;2;10005;27;;;10001.0;694.0
-1;64400;KELP;2015;31;;;;;2018;29;;;;;2016.5;-7276.046875
-1;64500;KELP;2015;29;;;;;2017;6;2018;29;;;2016.0;-7845.234375
-1;64500;RAINFOREST_RESIN;9998;5;9996;2;9995;27;10004;2;10005;27;;;10001.0;694.0
-1;64600;KELP;2015;26;;;;;2018;26;;;;;2016.5;-7850.375
-1;64600;RAINFOREST_RESIN;9995;26;;;;;10005;26;;;;;10000.0;694.0
-1;64700;RAINFOREST_RESIN;9995;28;;;;;10005;28;;;;;10000.0;694.0
-1;64700;KELP;2015;28;;;;;2018;28;;;;;2016.5;-7865.2421875
-1;64800;RAINFOREST_RESIN;9996;2;9995;30;;;10004;2;10005;30;;;10000.0;694.0
-1;64800;KELP;2015;2;2014;30;;;2018;32;;;;;2016.5;-7866.328125
-1;64900;KELP;2015;31;;;;;2017;3;2018;31;;;2016.0;-7865.25
-1;64900;RAINFOREST_RESIN;9996;2;9995;29;;;10004;2;10005;29;;;10000.0;694.0
-1;65000;KELP;2015;25;;;;;2018;25;;;;;2016.5;-7849.0078125
-1;65000;RAINFOREST_RESIN;9995;25;;;;;9998;1;10005;25;;;9996.5;694.0
-1;65100;RAINFOREST_RESIN;9996;2;9995;23;;;10004;2;10005;23;;;10000.0;694.0
-1;65100;KELP;2015;25;;;;;2018;25;;;;;2016.5;-7854.4921875
-1;65200;RAINFOREST_RESIN;9998;8;9995;29;;;10005;29;;;;;10001.5;694.0
-1;65200;KELP;2017;1;2015;29;;;2019;29;;;;;2018.0;-7828.0234375
-1;65300;KELP;2015;21;;;;;2017;2;2018;21;;;2016.0;-7845.234375
-1;65300;RAINFOREST_RESIN;9995;21;;;;;10002;3;10005;21;;;9998.5;694.0
-1;65400;KELP;2015;28;;;;;2016;3;2018;28;;;2015.5;-7840.203125
-1;65400;RAINFOREST_RESIN;9996;2;9995;26;;;10000;3;10004;2;10005;26;9998.0;694.0
-1;65500;RAINFOREST_RESIN;9996;2;9995;27;;;10004;2;10005;27;;;10000.0;694.0
-1;65500;KELP;2015;36;;;;;2018;29;;;;;2016.5;-7850.515625
-1;65600;RAINFOREST_RESIN;9998;5;9995;20;;;10005;20;;;;;10001.5;694.0
-1;65600;KELP;2015;20;;;;;2019;20;;;;;2017.0;-7834.4453125
-1;65700;KELP;2014;29;;;;;2018;29;;;;;2016.0;-7868.203125
-1;65700;RAINFOREST_RESIN;9995;29;;;;;10005;29;;;;;10000.0;694.0
-1;65800;KELP;2015;20;;;;;2017;7;2018;20;;;2016.0;-7863.546875
-1;65800;RAINFOREST_RESIN;9998;9;9995;20;;;10005;20;;;;;10001.5;694.0
-1;65900;RAINFOREST_RESIN;9996;1;9995;23;;;10004;1;10005;23;;;10000.0;676.0
-1;65900;KELP;2015;29;;;;;2018;24;;;;;2016.5;-7853.71875
-1;66000;RAINFOREST_RESIN;9998;4;9996;2;9995;22;10004;2;10005;22;;;10001.0;676.0
-1;66000;KELP;2015;24;;;;;2018;24;;;;;2016.5;-7852.65625
-1;66100;KELP;2015;27;;;;;2018;27;;;;;2016.5;-7847.109375
-1;66100;RAINFOREST_RESIN;9996;1;9995;26;;;9998;1;10004;1;10005;26;9997.0;676.0
-1;66200;KELP;2016;5;2015;20;;;2019;20;;;;;2017.5;-7826.6640625
-1;66200;RAINFOREST_RESIN;10002;1;10000;5;9995;20;10005;20;;;;;10003.5;678.0
-1;66300;RAINFOREST_RESIN;9996;1;9995;24;;;10004;1;10005;24;;;10000.0;680.0
-1;66300;KELP;2018;1;2016;2;2015;25;2019;25;;;;;2018.5;-7822.109375
-1;66400;RAINFOREST_RESIN;9995;21;;;;;9998;3;10005;21;;;9996.5;680.0
-1;66400;KELP;2015;21;;;;;2019;21;;;;;2017.0;-7817.625
-1;66500;KELP;2015;22;;;;;2019;22;;;;;2017.0;-7820.671875
-1;66500;RAINFOREST_RESIN;9996;2;9995;20;;;10004;2;10005;20;;;10000.0;686.0
-1;66600;KELP;2015;22;;;;;2017;3;2019;22;;;2016.0;-7832.28125
-1;66600;RAINFOREST_RESIN;9995;22;;;;;10005;22;;;;;10000.0;686.0
-1;66700;RAINFOREST_RESIN;9998;9;9995;27;;;10005;27;;;;;10001.5;686.0
-1;66700;KELP;2014;27;;;;;2018;27;;;;;2016.0;-7876.6640625
-1;66800;RAINFOREST_RESIN;9995;30;;;;;10005;30;;;;;10000.0;686.0
-1;66800;KELP;2014;30;;;;;2018;30;;;;;2016.0;-7871.734375
-1;66900;KELP;2017;1;2015;4;2014;23;2018;23;;;;;2017.5;-7869.2109375
-1;66900;RAINFOREST_RESIN;9998;4;9995;23;;;10005;23;;;;;10001.5;686.0
-1;67000;KELP;2015;25;;;;;2018;25;;;;;2016.5;-7860.546875
-1;67000;RAINFOREST_RESIN;9996;1;9995;24;;;10004;1;10005;24;;;10000.0;686.0
-1;67100;RAINFOREST_RESIN;9995;23;;;;;10005;23;;;;;10000.0;686.0
-1;67100;KELP;2015;23;;;;;2018;23;;;;;2016.5;-7864.125
-1;67200;RAINFOREST_RESIN;9996;2;9995;20;;;10002;3;10004;2;10005;20;9999.0;686.0
-1;67200;KELP;2015;21;;;;;2018;22;;;;;2016.5;-7854.296875
-1;67300;KELP;2015;31;;;;;2018;30;;;;;2016.5;-7882.8984375
-1;67300;RAINFOREST_RESIN;9995;30;;;;;9998;3;10005;30;;;9996.5;686.0
-1;67400;KELP;2015;26;;;;;2018;26;;;;;2016.5;-7900.0
-1;67400;RAINFOREST_RESIN;9998;4;9996;1;9995;25;10004;1;10005;25;;;10001.0;686.0
-1;67500;RAINFOREST_RESIN;9995;21;;;;;10005;21;;;;;10000.0;686.0
-1;67500;KELP;2015;20;;;;;2018;21;;;;;2016.5;-7904.0234375
-1;67600;RAINFOREST_RESIN;9996;2;9995;25;;;10004;2;10005;25;;;10000.0;686.0
-1;67600;KELP;2015;27;;;;;2018;27;;;;;2016.5;-8311.3828125
-1;67700;KELP;2015;33;;;;;2018;30;;;;;2016.5;-8315.421875
-1;67700;RAINFOREST_RESIN;9996;1;9995;29;;;10004;1;10005;29;;;10000.0;686.0
-1;67800;KELP;2015;38;;;;;2018;30;;;;;2016.5;-8297.9296875
-1;67800;RAINFOREST_RESIN;9998;3;9995;30;;;10005;30;;;;;10001.5;686.0
-1;67900;RAINFOREST_RESIN;9995;25;;;;;10005;25;;;;;10000.0;686.0
-1;67900;KELP;2015;25;;;;;2018;25;;;;;2016.5;-8352.83203125
-1;68000;RAINFOREST_RESIN;9996;2;9995;21;;;10004;2;10005;21;;;10000.0;686.0
-1;68000;KELP;2015;23;;;;;2018;23;;;;;2016.5;-8385.3369140625
-1;68100;KELP;2015;31;;;;;2017;4;2018;31;;;2016.0;-8438.71875
-1;68100;RAINFOREST_RESIN;9996;2;9995;29;;;10004;2;10005;29;;;10000.0;686.0
-1;68200;KELP;2017;1;2015;31;;;2018;31;;;;;2017.5;-8439.2109375
-1;68200;RAINFOREST_RESIN;9996;2;9995;29;;;10004;2;10005;29;;;10000.0;686.0
-1;68300;RAINFOREST_RESIN;9996;1;9995;28;;;10004;1;10005;28;;;10000.0;686.0
-1;68300;KELP;2017;1;2015;29;;;2018;29;;;;;2017.5;-8444.9765625
-1;68400;RAINFOREST_RESIN;9996;2;9995;26;;;10004;2;10005;26;;;10000.0;686.0
-1;68400;KELP;2015;28;;;;;2018;28;;;;;2016.5;-8437.375
-1;68500;KELP;2015;23;;;;;2018;23;;;;;2016.5;-8433.1015625
-1;68500;RAINFOREST_RESIN;9995;23;;;;;10002;5;10005;23;;;9998.5;686.0
-1;68600;KELP;2015;24;;;;;2018;25;;;;;2016.5;-8434.890625
-1;68600;RAINFOREST_RESIN;9996;1;9995;24;;;10004;1;10005;24;;;10000.0;686.0
-1;68700;RAINFOREST_RESIN;9996;1;9995;27;;;10004;1;10005;27;;;10000.0;686.0
-1;68700;KELP;2015;28;;;;;2018;28;;;;;2016.5;-9359.5703125
-1;68800;RAINFOREST_RESIN;9995;22;;;;;9998;1;10005;22;;;9996.5;686.0
-1;68800;KELP;2015;22;;;;;2018;22;;;;;2016.5;-9353.40625
-1;68900;KELP;2017;1;2015;28;;;2018;28;;;;;2017.5;-9333.5546875
-1;68900;RAINFOREST_RESIN;9996;1;9995;27;;;10004;1;10005;27;;;10000.0;688.0
-1;69000;KELP;2015;30;;;;;2018;30;;;;;2016.5;-9355.5390625
-1;69000;RAINFOREST_RESIN;9996;2;9995;28;;;10004;2;10005;28;;;10000.0;688.0
-1;69100;RAINFOREST_RESIN;9998;9;9996;1;9995;30;10004;1;10005;30;;;10001.0;688.0
-1;69100;KELP;2015;30;;;;;2018;31;;;;;2016.5;-9345.859375
-1;69200;RAINFOREST_RESIN;9996;2;9995;28;;;10004;2;10005;28;;;10000.0;688.0
-1;69200;KELP;2017;3;2015;30;;;2018;30;;;;;2017.5;-9343.890625
-1;69300;KELP;2017;1;2015;21;;;2018;21;;;;;2017.5;-9341.296875
-1;69300;RAINFOREST_RESIN;9995;21;;;;;9998;1;10005;21;;;9996.5;688.0
-1;69400;KELP;2015;26;;;;;2018;26;;;;;2016.5;-9343.3125
-1;69400;RAINFOREST_RESIN;10002;1;9998;2;9996;1;10004;1;10005;25;;;10003.0;690.0
-1;69500;RAINFOREST_RESIN;9998;1;9996;2;9995;24;10004;2;10005;24;;;10001.0;692.0
-1;69500;KELP;2015;32;;;;;2018;26;;;;;2016.5;-9345.28125
-1;69600;RAINFOREST_RESIN;9995;23;;;;;10005;23;;;;;10000.0;692.0
-1;69600;KELP;2015;22;;;;;2018;23;;;;;2016.5;-9344.765625
-1;69700;KELP;2015;21;;;;;2018;21;;;;;2016.5;-9344.8125
-1;69700;RAINFOREST_RESIN;10002;1;9996;1;9995;20;10004;1;10005;20;;;10003.0;692.0
-1;69800;KELP;2015;24;;;;;2018;24;;;;;2016.5;-9357.8046875
-1;69800;RAINFOREST_RESIN;9996;1;9995;23;;;10004;1;10005;23;;;10000.0;698.0
-1;69900;RAINFOREST_RESIN;9996;2;9995;27;;;10004;2;10005;27;;;10000.0;698.0
-1;69900;KELP;2015;29;;;;;2018;29;;;;;2016.5;-9356.1953125
-1;70000;RAINFOREST_RESIN;9996;2;9995;27;;;10004;2;10005;27;;;10000.0;698.0
-1;70000;KELP;2015;29;;;;;2018;29;;;;;2016.5;-9349.4921875
-1;70100;KELP;2015;23;;;;;2018;2;2019;22;;;2016.5;-9365.859375
-1;70100;RAINFOREST_RESIN;9996;2;9995;22;;;10004;2;10005;22;;;10000.0;698.0
-1;70200;KELP;2015;22;;;;;2018;22;;;;;2016.5;-9355.84375
-1;70200;RAINFOREST_RESIN;9996;1;9995;21;;;10004;1;10005;21;;;10000.0;698.0
-1;70300;RAINFOREST_RESIN;9996;1;9995;25;;;9998;2;10004;1;10005;25;9997.0;698.0
-1;70300;KELP;2015;26;;;;;2018;26;;;;;2016.5;-9342.40625
-1;70400;RAINFOREST_RESIN;9995;26;;;;;10005;26;;;;;10000.0;698.0
-1;70400;KELP;2015;26;;;;;2017;6;2018;26;;;2016.0;-9334.4375
-1;70500;KELP;2015;23;;;;;2016;3;2017;3;2018;23;2015.5;-9344.6640625
-1;70500;RAINFOREST_RESIN;9995;23;;;;;10000;3;10005;23;;;9997.5;698.0
-1;70600;RAINFOREST_RESIN;9996;1;9995;27;;;10004;1;10005;27;;;10000.0;698.0
-1;70600;KELP;2015;34;;;;;2018;28;;;;;2016.5;-9361.1484375
-1;70700;KELP;2015;26;;;;;2018;26;;;;;2016.5;-9341.21875
-1;70700;RAINFOREST_RESIN;9995;26;;;;;10005;26;;;;;10000.0;702.0
-1;70800;RAINFOREST_RESIN;10002;1;9995;27;;;10005;27;;;;;10003.5;702.0
-1;70800;KELP;2015;26;;;;;2018;27;;;;;2016.5;-9348.1796875
-1;70900;KELP;2015;32;;;;;2018;32;;;;;2016.5;-9349.2421875
-1;70900;RAINFOREST_RESIN;9996;2;9995;30;;;10004;2;10005;30;;;10000.0;704.0
-1;71000;RAINFOREST_RESIN;9996;1;9995;29;;;10002;5;10004;1;10005;29;9999.0;704.0
-1;71000;KELP;2015;30;;;;;2018;30;;;;;2016.5;-9347.1796875
-1;71100;KELP;2015;22;;;;;2018;22;;;;;2016.5;-9348.65625
-1;71100;RAINFOREST_RESIN;9998;9;9996;1;9995;21;10004;1;10005;21;;;10001.0;704.0
-1;71200;RAINFOREST_RESIN;10002;1;9996;1;9995;28;10004;1;10005;28;;;10003.0;704.0
-1;71200;KELP;2015;28;;;;;2018;29;;;;;2016.5;-9347.0390625
-1;71300;KELP;2015;28;;;;;2017;4;2018;28;;;2016.0;-9338.6953125
-1;71300;RAINFOREST_RESIN;9996;2;9995;26;;;10002;4;10004;2;10005;26;9999.0;706.0
-1;71400;RAINFOREST_RESIN;9996;2;9995;24;;;10002;3;10004;2;10005;24;9999.0;706.0
-1;71400;KELP;2015;26;;;;;2018;26;;;;;2016.5;-9336.0546875
-1;71500;KELP;2015;25;;;;;2018;28;;;;;2016.5;-9352.3671875
-1;71500;RAINFOREST_RESIN;10002;1;9996;2;9995;26;10004;2;10005;26;;;10003.0;706.0
-1;71600;RAINFOREST_RESIN;9996;1;9995;27;;;9998;3;10004;1;10005;27;9997.0;708.0
-1;71600;KELP;2014;28;;;;;2018;28;;;;;2016.0;-9323.1953125
-1;71700;KELP;2014;31;;;;;2016;4;2018;31;;;2015.0;-9324.21875
-1;71700;RAINFOREST_RESIN;9996;2;9995;29;;;10004;2;10005;29;;;10000.0;708.0
-1;71800;RAINFOREST_RESIN;10002;1;9996;2;9995;25;10004;2;10005;25;;;10003.0;708.0
-1;71800;KELP;2014;27;;;;;2018;27;;;;;2016.0;-9324.6953125
-1;71900;KELP;2014;26;;;;;2018;26;;;;;2016.0;-9317.9609375
-1;71900;RAINFOREST_RESIN;10002;1;9996;1;9995;25;10004;1;10005;25;;;10003.0;710.0
-1;72000;RAINFOREST_RESIN;9996;1;9995;20;;;10004;1;10005;20;;;10000.0;712.0
-1;72000;KELP;2015;21;;;;;2017;6;2018;21;;;2016.0;-9346.953125
-1;72100;KELP;2014;21;;;;;2016;5;2018;21;;;2015.0;-9326.1484375
-1;72100;RAINFOREST_RESIN;9995;21;;;;;10005;21;;;;;10000.0;712.0
-1;72200;RAINFOREST_RESIN;9996;2;9995;29;;;10004;2;10005;29;;;10000.0;712.0
-1;72200;KELP;2016;3;2014;31;;;2018;31;;;;;2017.0;-9318.2578125
-1;72300;KELP;2014;23;;;;;2018;23;;;;;2016.0;-9327.0859375
-1;72300;RAINFOREST_RESIN;9996;1;9995;22;;;10002;8;10004;1;10005;22;9999.0;712.0
-1;72400;RAINFOREST_RESIN;10002;1;9996;2;9995;20;10004;2;10005;20;;;10003.0;712.0
-1;72400;KELP;2014;22;;;;;2016;6;2018;22;;;2015.0;-9320.65625
-1;72500;KELP;2014;34;;;;;2017;27;;;;;2015.5;-9304.109375
-1;72500;RAINFOREST_RESIN;9996;2;9995;25;;;10004;2;10005;25;;;10000.0;714.0
-1;72600;RAINFOREST_RESIN;9996;2;9995;27;;;10004;2;10005;27;;;10000.0;715.0
-1;72600;KELP;2014;35;;;;;2015;4;2017;29;;;2014.5;-9309.890625
-1;72700;KELP;2014;23;;;;;2017;23;;;;;2015.5;-9302.6796875
-1;72700;RAINFOREST_RESIN;9995;23;;;;;10005;23;;;;;10000.0;715.0
-1;72800;RAINFOREST_RESIN;9995;20;;;;;10005;20;;;;;10000.0;715.0
-1;72800;KELP;2014;20;;;;;2017;20;;;;;2015.5;-9304.0546875
-1;72900;KELP;2014;24;;;;;2017;24;;;;;2015.5;-9302.3671875
-1;72900;RAINFOREST_RESIN;9998;1;9996;2;9995;22;10004;2;10005;22;;;10001.0;715.0
-1;73000;RAINFOREST_RESIN;9996;1;9995;21;;;10002;7;10004;1;10005;21;9999.0;715.0
-1;73000;KELP;2014;21;;;;;2016;2;2017;22;;;2015.0;-9302.6484375
-1;73100;KELP;2014;31;;;;;2017;31;;;;;2015.5;-9294.96875
-1;73100;RAINFOREST_RESIN;9996;2;9995;29;;;10002;3;10004;2;10005;29;9999.0;715.0
-1;73200;KELP;2014;21;;;;;2017;21;;;;;2015.5;-9289.703125
-1;73200;RAINFOREST_RESIN;9995;21;;;;;10005;21;;;;;10000.0;707.0
-1;73300;RAINFOREST_RESIN;9996;1;9995;29;;;10004;1;10005;29;;;10000.0;707.0
-1;73300;KELP;2014;30;;;;;2017;30;;;;;2015.5;-9284.5703125
-1;73400;RAINFOREST_RESIN;9995;30;;;;;9998;1;10005;30;;;9996.5;707.0
-1;73400;KELP;2014;30;;;;;2016;4;2017;30;;;2015.0;-9288.734375
-1;73500;KELP;2014;25;;;;;2017;25;;;;;2015.5;-9291.9765625
-1;73500;RAINFOREST_RESIN;9996;2;9995;23;;;10004;2;10005;23;;;10000.0;707.0
-1;73600;KELP;2014;25;;;;;2017;25;;;;;2015.5;-9292.9375
-1;73600;RAINFOREST_RESIN;9996;1;9995;24;;;10004;1;10005;24;;;10000.0;707.0
-1;73700;RAINFOREST_RESIN;9995;24;;;;;10005;24;;;;;10000.0;707.0
-1;73700;KELP;2014;24;;;;;2017;24;;;;;2015.5;-9306.984375
-1;73800;RAINFOREST_RESIN;9995;24;;;;;10005;24;;;;;10000.0;707.0
-1;73800;KELP;2014;24;;;;;2016;5;2018;24;;;2015.0;-9321.859375
-1;73900;KELP;2015;27;;;;;2018;30;;;;;2016.5;-9349.921875
-1;73900;RAINFOREST_RESIN;9995;30;;;;;10005;30;;;;;10000.0;707.0
-1;74000;KELP;2015;26;;;;;2017;3;2018;26;;;2016.0;-9338.5
-1;74000;RAINFOREST_RESIN;10002;1;9998;10;9996;2;10004;2;10005;24;;;10003.0;707.0
-1;74100;RAINFOREST_RESIN;10000;6;9996;2;9995;30;10004;2;10005;30;;;10002.0;709.0
-1;74100;KELP;2016;6;2015;32;;;2018;32;;;;;2017.0;-9338.890625
-1;74200;RAINFOREST_RESIN;9996;2;9995;20;;;10002;6;10004;2;10005;20;9999.0;709.0
-1;74200;KELP;2015;22;;;;;2018;22;;;;;2016.5;-9342.15625
-1;74300;KELP;2015;5;2014;32;;;2018;32;;;;;2016.5;-9319.9140625
