day,timestamp,product,bid_price_1,bid_volume_1,bid_price_2,bid_volume_2,bid_price_3,bid_volume_3,ask_price_1,ask_volume_1,ask_price_2,ask_volume_2,ask_price_3,ask_volume_3,mid_price,profit_and_loss
-1,0,RAINFOREST_RESIN,10002,1,9996,2,9995,29,10004,2,10005,29,,,10003,0
-1,0,KELP,2028,1,2026,2,2025,29,2029,31,,,,,2028.5,0
-1,100,KELP,2025,24,,,,,2028,2,2029,22,,,2026.5,0
-1,100,RAINFOREST_RESIN,9996,2,9995,22,,,10004,2,10005,22,,,10000,5
-1,200,RAINFOREST_RESIN,9995,20,,,,,10005,20,,,,,10000,5
-1,200,KELP,2025,22,,,,,2028,20,,,,,2026.5,0
-1,300,KELP,2025,31,,,,,2028,2,2029,29,,,2026.5,0
-1,300,RAINFOREST_RESIN,9996,2,9995,29,,,10004,2,10005,29,,,10000,5
-1,400,RAINFOREST_RESIN,9996,2,9995,25,,,10004,2,10005,25,,,10000,5
-1,400,KELP,2025,27,,,,,2028,27,,,,,2026.5,0
-1,500,KELP,2025,30,,,,,2028,30,,,,,2026.5,0
-1,500,RAINFOREST_RESIN,9995,30,,,,,10002,4,10005,30,,,9998.5,5
-1,600,RAINFOREST_RESIN,10000,5,9995,25,,,10005,25,,,,,10002.5,5
-1,600,KELP,2026,5,2025,31,,,2028,25,,,,,2027,0
-1,700,KELP,2025,2,2024,23,,,2028,23,,,,,2026.5,0
-1,700,RAINFOREST_RESIN,9995,23,,,,,10005,23,,,,,10000,5
-1,800,RAINFOREST_RESIN,9996,1,9995,29,,,10004,1,10005,29,,,10000,5
-1,800,KELP,2024,1,2023,29,,,2027,30,,,,,2025.5,0
-1,900,KELP,2024,23,,,,,2027,23,,,,,2025.5,0
-1,900,RAINFOREST_RESIN,9996,1,9995,22,,,10004,1,10005,22,,,10000,5
-1,1000,RAINFOREST_RESIN,9995,26,,,,,10005,26,,,,,10000,5
-1,1000,KELP,2024,26,,,,,2026,6,2027,26,,,2025,0
-1,1100,KELP,2025,6,2024,26,,,2027,2,2028,24,,,2026,0
-1,1100,RAINFOREST_RESIN,9996,2,9995,24,,,10004,2,10005,24,,,10000,5
-1,1200,RAINFOREST_RESIN,9995,21,,,,,9998,1,10005,21,,,9996.5,35
-1,1200,KELP,2024,21,,,,,2026,8,2028,21,,,2025,0
-1,1300,KELP,2024,31,,,,,2028,31,,,,,2026,0
-1,1300,RAINFOREST_RESIN,10002,1,9996,1,9995,30,10004,1,10005,30,,,10003,37
-1,1400,RAINFOREST_RESIN,9996,1,9995,25,,,10004,1,10005,25,,,10000,39
-1,1400,KELP,2025,3,2024,25,,,2028,26,,,,,2026.5,0
-1,1500,KELP,2024,27,,,,,2028,27,,,,,2026,0
-1,1500,RAINFOREST_RESIN,9995,27,,,,,10005,27,,,,,10000,39
-1,1600,RAINFOREST_RESIN,9995,29,,,,,10005,29,,,,,10000,39
-1,1600,KELP,2024,29,,,,,2026,4,2028,29,,,2025,0
-1,1700,KELP,2024,22,,,,,2026,8,2028,22,,,2025,0
-1,1700,RAINFOREST_RESIN,9996,2,9995,20,,,10002,1,10004,2,10005,20,9999,39
-1,1800,RAINFOREST_RESIN,10002,1,9996,1,9995,22,10004,1,10005,22,,,10003,39
-1,1800,KELP,2024,23,,,,,2028,23,,,,,2026,0
-1,1900,KELP,2024,29,,,,,2026,5,2027,29,,,2025,0
-1,1900,RAINFOREST_RESIN,9996,1,9995,28,,,10004,1,10005,28,,,10000,41
-1,2000,KELP,2024,26,,,,,2027,26,,,,,2025.5,0
-1,2000,RAINFOREST_RESIN,9996,2,9995,24,,,9998,1,10004,2,10005,24,9997,41
-1,2100,RAINFOREST_RESIN,9996,2,9995,25,,,10002,3,10004,2,10005,25,9999,43
-1,2100,KELP,2024,27,,,,,2027,2,2028,25,,,2025.5,0
-1,2200,RAINFOREST_RESIN,9998,8,9996,1,9995,24,10004,1,10005,24,,,10001,43
-1,2200,KELP,2024,25,,,,,2026,7,2027,1,2028,24,2025,0
-1,2300,KELP,2024,32,,,,,2028,32,,,,,2026,0
-1,2300,RAINFOREST_RESIN,9998,7,9996,2,9995,30,10004,2,10005,30,,,10001,43
-1,2400,KELP,2024,29,,,,,2025,1,2028,29,,,2024.5,0
-1,2400,RAINFOREST_RESIN,9995,29,,,,,10005,29,,,,,10000,43
-1,2500,RAINFOREST_RESIN,9996,1,9995,22,,,10004,1,10005,22,,,10000,43
-1,2500,KELP,2025,2,2024,23,,,2027,1,2028,22,,,2026,0
-1,2600,RAINFOREST_RESIN,9995,23,,,,,10005,23,,,,,10000,43
-1,2600,KELP,2025,3,2024,23,,,2028,23,,,,,2026.5,0
-1,2700,KELP,2024,26,,,,,2027,26,,,,,2025.5,0
-1,2700,RAINFOREST_RESIN,9998,6,9995,26,,,10005,26,,,,,10001.5,43
-1,2800,KELP,2023,25,,,,,2027,25,,,,,2025,0
-1,2800,RAINFOREST_RESIN,9995,25,,,,,10005,25,,,,,10000,43
-1,2900,RAINFOREST_RESIN,9996,1,9995,25,,,10004,1,10005,25,,,10000,43
-1,2900,KELP,2023,26,,,,,2027,26,,,,,2025,0
-1,3000,RAINFOREST_RESIN,9998,1,9995,26,,,10005,26,,,,,10001.5,79
-1,3000,KELP,2024,29,,,,,2027,26,,,,,2025.5,0
-1,3100,KELP,2023,26,,,,,2025,5,2026,26,,,2024,1.6734619140625
-1,3100,RAINFOREST_RESIN,9996,2,9995,24,,,10004,2,10005,24,,,10000,83
-1,3200,KELP,2023,23,,,,,2025,3,2026,23,,,2024,2.5032958984375
-1,3200,RAINFOREST_RESIN,9996,1,9995,22,,,10004,1,10005,22,,,10000,89
-1,3300,RAINFOREST_RESIN,9996,2,9995,30,,,10004,2,10005,30,,,10000,95
-1,3300,KELP,2023,32,,,,,2025,2,2026,32,,,2024,2.6439208984375
-1,3400,RAINFOREST_RESIN,9996,2,9995,24,,,10004,2,10005,24,,,10000,95
-1,3400,KELP,2023,26,,,,,2026,26,,,,,2024.5,2.616455078125
-1,3500,KELP,2023,26,,,,,2026,26,,,,,2024.5,2.633056640625
-1,3500,RAINFOREST_RESIN,9995,26,,,,,10005,26,,,,,10000,95
-1,3600,KELP,2023,21,,,,,2026,21,,,,,2024.5,2.6297607421875
-1,3600,RAINFOREST_RESIN,9995,21,,,,,9998,4,10005,21,,,9996.5,95
-1,3700,RAINFOREST_RESIN,10002,1,9996,1,9995,23,10004,1,10005,23,,,10003,103
-1,3700,KELP,2023,27,,,,,2026,24,,,,,2024.5,2.3277587890625
-1,3800,RAINFOREST_RESIN,9996,2,9995,23,,,10002,10,10004,2,10005,23,9999,105
-1,3800,KELP,2023,25,,,,,2026,25,,,,,2024.5,2.3175048828125
-1,3900,KELP,2023,28,,,,,2026,26,,,,,2024.5,2.4041748046875
-1,3900,RAINFOREST_RESIN,9998,1,9996,1,9995,25,10004,1,10005,25,,,10001,108
-1,4000,KELP,2023,32,,,,,2026,32,,,,,2024.5,2.599853515625
-1,4000,RAINFOREST_RESIN,9996,2,9995,30,,,10004,2,10005,30,,,10000,108
-1,4100,RAINFOREST_RESIN,9996,2,9995,27,,,10004,2,10005,27,,,10000,108
-1,4100,KELP,2023,29,,,,,2027,29,,,,,2025,2.9715576171875
-1,4200,RAINFOREST_RESIN,9996,2,9995,24,,,10002,4,10004,2,10005,24,9999,108
-1,4200,KELP,2023,26,,,,,2027,26,,,,,2025,2.9564208984375
-1,4300,KELP,2023,29,,,,,2024,5,2026,22,,,2023.5,2.574951171875
-1,4300,RAINFOREST_RESIN,9995,22,,,,,9998,1,10000,6,10005,22,9996.5,126
-1,4400,KELP,2023,30,,,,,2026,30,,,,,2024.5,2.6270751953125
-1,4400,RAINFOREST_RESIN,9995,30,,,,,10005,30,,,,,10000,136
-1,4500,RAINFOREST_RESIN,9996,1,9995,28,,,10002,10,10004,1,10005,28,9999,136
-1,4500,KELP,2023,28,,,,,2026,29,,,,,2024.5,2.5345458984375
-1,4600,RAINFOREST_RESIN,9996,1,9995,29,,,10002,10,10004,1,10005,29,9999,136
-1,4600,KELP,2023,30,,,,,2026,30,,,,,2024.5,2.5570068359375
-1,4700,KELP,2023,25,,,,,2025,3,2026,32,,,2024,2.7496337890625
-1,4700,RAINFOREST_RESIN,9996,2,9995,30,,,10004,2,10005,30,,,10000,136
-1,4800,KELP,2023,24,,,,,2027,24,,,,,2025,2.9649658203125
-1,4800,RAINFOREST_RESIN,9998,6,9996,2,9995,22,10004,2,10005,22,,,10001,136
-1,4900,RAINFOREST_RESIN,9995,22,,,,,10002,7,10005,22,,,9998.5,142
-1,4900,KELP,2023,22,,,,,2027,22,,,,,2025,4.97314453125
-1,5000,RAINFOREST_RESIN,9998,3,9996,2,9995,28,10004,2,10005,28,,,10001,142
-1,5000,KELP,2023,30,,,,,2026,30,,,,,2024.5,5.396484375
-1,5100,KELP,2023,37,,,,,2026,31,,,,,2024.5,5.3748779296875
-1,5100,RAINFOREST_RESIN,9996,1,9995,30,,,10004,1,10005,30,,,10000,142
-1,5200,KELP,2023,35,,,,,2026,27,,,,,2024.5,5.4068603515625
-1,5200,RAINFOREST_RESIN,9998,9,9996,1,9995,26,10004,1,10005,26,,,10001,142
-1,5300,RAINFOREST_RESIN,9996,1,9995,20,,,10004,1,10005,20,,,10000,142
-1,5300,KELP,2025,1,2023,21,,,2026,21,,,,,2025.5,5.3651123046875
-1,5400,RAINFOREST_RESIN,9995,21,,,,,10005,21,,,,,10000,142
-1,5400,KELP,2023,21,,,,,2025,6,2027,21,,,2024,5.03759765625
-1,5500,KELP,2023,27,,,,,2027,27,,,,,2025,4.811767578125
-1,5500,RAINFOREST_RESIN,9995,27,,,,,10005,27,,,,,10000,142
-1,5600,KELP,2025,2,2023,28,,,2027,28,,,,,2026,4.715087890625
-1,5600,RAINFOREST_RESIN,9995,28,,,,,10005,28,,,,,10000,142
-1,5700,RAINFOREST_RESIN,9998,2,9995,27,,,10005,27,,,,,10001.5,142
-1,5700,KELP,2024,26,,,,,2027,27,,,,,2025.5,4.535888671875
-1,5800,RAINFOREST_RESIN,9996,1,9995,30,,,10004,1,10005,30,,,10000,142
-1,5800,KELP,2024,31,,,,,2027,31,,,,,2025.5,3.8671875
-1,5900,KELP,2024,35,,,,,2027,30,,,,,2025.5,4.025146484375
-1,5900,RAINFOREST_RESIN,9996,2,9995,28,,,10004,2,10005,28,,,10000,142
-1,6000,KELP,2024,30,,,,,2027,30,,,,,2025.5,4.122314453125
-1,6000,RAINFOREST_RESIN,9995,30,,,,,10005,30,,,,,10000,142
-1,6100,RAINFOREST_RESIN,9996,1,9995,24,,,10004,1,10005,24,,,10000,142
-1,6100,KELP,2024,24,,,,,2027,25,,,,,2025.5,4.12109375
-1,6200,RAINFOREST_RESIN,9996,1,9995,21,,,10004,1,10005,21,,,10000,142
-1,6200,KELP,2024,22,,,,,2027,22,,,,,2025.5,4.015380859375
-1,6300,KELP,2024,30,,,,,2027,25,,,,,2025.5,3.568115234375
-1,6300,RAINFOREST_RESIN,9996,2,9995,23,,,10004,2,10005,23,,,10000,142
-1,6400,KELP,2024,25,,,,,2027,25,,,,,2025.5,3.61181640625
-1,6400,RAINFOREST_RESIN,9996,1,9995,24,,,10004,1,10005,24,,,10000,142
-1,6500,RAINFOREST_RESIN,9996,1,9995,26,,,9998,1,10004,1,10005,26,9997,142
-1,6500,KELP,2024,27,,,,,2027,27,,,,,2025.5,4.038330078125
-1,6600,RAINFOREST_RESIN,9996,2,9995,24,,,10004,2,10005,24,,,10000,144
-1,6600,KELP,2024,26,,,,,2028,26,,,,,2026,3.036376953125
-1,6700,KELP,2025,7,2024,20,,,2028,20,,,,,2026.5,2.735595703125
-1,6700,RAINFOREST_RESIN,9995,20,,,,,10002,3,10005,20,,,9998.5,168
-1,6800,KELP,2024,32,,,,,2026,8,2027,2,2028,30,2025,3.422119140625
-1,6800,RAINFOREST_RESIN,9996,2,9995,30,,,10004,2,10005,30,,,10000,168
-1,6900,RAINFOREST_RESIN,9996,1,9995,26,,,10002,5,10004,1,10005,26,9999,168
-1,6900,KELP,2024,27,,,,,2026,1,2027,27,,,2025,3.768798828125
-1,7000,RAINFOREST_RESIN,9998,2,9995,27,,,10005,27,,,,,10001.5,168
-1,7000,KELP,2026,4,2024,27,,,2027,27,,,,,2026.5,3.6630859375
-1,7100,KELP,2024,30,,,,,2027,30,,,,,2025.5,7.2763671875
-1,7100,RAINFOREST_RESIN,9996,1,9995,29,,,10004,1,10005,29,,,10000,176
-1,7200,KELP,2024,28,,,,,2027,28,,,,,2025.5,8.15234375
-1,7200,RAINFOREST_RESIN,9998,5,9996,1,9995,27,10004,1,10005,27,,,10001,176
-1,7300,RAINFOREST_RESIN,10002,1,9996,2,9995,29,10004,2,10005,29,,,10003,176
-1,7300,KELP,2024,35,,,,,2027,31,,,,,2025.5,8.2177734375
-1,7400,RAINFOREST_RESIN,9996,1,9995,22,,,10004,1,10005,22,,,10000,184
-1,7400,KELP,2024,22,,,,,2027,23,,,,,2025.5,9.03125
-1,7500,KELP,2024,25,,,,,2027,25,,,,,2025.5,8.212890625
-1,7500,RAINFOREST_RESIN,9995,25,,,,,10002,10,10005,25,,,9998.5,184
-1,7600,KELP,2024,22,,,,,2027,22,,,,,2025.5,8.40625
-1,7600,RAINFOREST_RESIN,9996,2,9995,20,,,10004,2,10005,20,,,10000,184
-1,7700,RAINFOREST_RESIN,9995,22,,,,,10005,22,,,,,10000,184
-1,7700,KELP,2024,21,,,,,2027,22,,,,,2025.5,8.607421875
-1,7800,RAINFOREST_RESIN,9998,3,9996,1,9995,22,10004,1,10005,22,,,10001,184
-1,7800,KELP,2024,23,,,,,2027,23,,,,,2025.5,8.7890625
-1,7900,KELP,2024,31,,,,,2027,27,,,,,2025.5,8.8984375
-1,7900,RAINFOREST_RESIN,9996,1,9995,26,,,10004,1,10005,26,,,10000,184
-1,8000,KELP,2024,27,,,,,2026,8,2027,27,,,2025,9.955078125
-1,8000,RAINFOREST_RESIN,9995,27,,,,,10005,27,,,,,10000,184
-1,8100,RAINFOREST_RESIN,9996,1,9995,22,,,10004,1,10005,22,,,10000,184
-1,8100,KELP,2023,23,,,,,2027,23,,,,,2025,13.8125
-1,8200,RAINFOREST_RESIN,9995,23,,,,,10005,23,,,,,10000,220
-1,8200,KELP,2023,23,,,,,2025,1,2026,23,,,2024,16.548828125
-1,8300,KELP,2023,30,,,,,2026,30,,,,,2024.5,20.380859375
-1,8300,RAINFOREST_RESIN,9996,1,9995,29,,,10004,1,10005,29,,,10000,220
-1,8400,RAINFOREST_RESIN,9995,28,,,,,10005,28,,,,,10000,220
-1,8400,KELP,2023,28,,,,,2026,28,,,,,2024.5,20.185546875
-1,8500,KELP,2023,31,,,,,2026,31,,,,,2024.5,21.052734375
-1,8500,RAINFOREST_RESIN,9998,10,9996,2,9995,29,10004,2,10005,29,,,10001,220
-1,8600,RAINFOREST_RESIN,9996,1,9995,22,,,10004,1,10005,22,,,10000,220
-1,8600,KELP,2023,22,,,,,2026,23,,,,,2024.5,19.2578125
-1,8700,KELP,2023,27,,,,,2025,4,2026,27,,,2024,17.369140625
-1,8700,RAINFOREST_RESIN,9998,10,9995,27,,,10005,27,,,,,10001.5,220
-1,8800,RAINFOREST_RESIN,9995,25,,,,,9998,1,10005,25,,,9996.5,220
-1,8800,KELP,2024,7,2023,25,,,2027,25,,,,,2025.5,14.099609375
-1,8900,KELP,2024,1,2023,26,,,2027,26,,,,,2025.5,14.671875
-1,8900,RAINFOREST_RESIN,9998,9,9995,26,,,10005,26,,,,,10001.5,222
-1,9000,RAINFOREST_RESIN,9996,2,9995,29,,,10004,2,10005,29,,,10000,222
-1,9000,KELP,2023,31,,,,,2027,31,,,,,2025,14.908203125
-1,9100,KELP,2023,29,,,,,2026,2,2027,27,,,2024.5,15.8203125
-1,9100,RAINFOREST_RESIN,9998,3,9996,2,9995,27,10004,2,10005,27,,,10001,222
-1,9200,RAINFOREST_RESIN,9998,10,9995,27,,,10005,27,,,,,10001.5,222
-1,9200,KELP,2023,27,,,,,2025,7,2026,27,,,2024,16.40234375
-1,9300,KELP,2023,21,,,,,2026,21,,,,,2024.5,18.400390625
-1,9300,RAINFOREST_RESIN,9996,1,9995,20,,,10004,1,10005,20,,,10000,222
-1,9400,RAINFOREST_RESIN,9998,2,9996,2,9995,21,10004,2,10005,21,,,10001,222
-1,9400,KELP,2023,23,,,,,2026,23,,,,,2024.5,19.333984375
-1,9500,KELP,2023,35,,,,,2026,31,,,,,2024.5,18.5703125
-1,9500,RAINFOREST_RESIN,9996,1,9995,30,,,10004,1,10005,30,,,10000,222
-1,9600,RAINFOREST_RESIN,9996,1,9995,30,,,10004,1,10005,30,,,10000,222
-1,9600,KELP,2023,31,,,,,2026,31,,,,,2024.5,20.251953125
-1,9700,KELP,2023,22,,,,,2026,22,,,,,2024.5,20.263671875
-1,9700,RAINFOREST_RESIN,9995,22,,,,,10002,1,10005,22,,,9998.5,222
-1,9800,RAINFOREST_RESIN,9995,26,,,,,10005,26,,,,,10000,222
-1,9800,KELP,2023,26,,,,,2026,26,,,,,2024.5,19.732421875
-1,9900,KELP,2025,4,2023,25,,,2026,25,,,,,2025.5,17.611328125
-1,9900,RAINFOREST_RESIN,9995,25,,,,,10005,25,,,,,10000,222
-1,10000,RAINFOREST_RESIN,9995,28,,,,,10005,28,,,,,10000,222
-1,10000,KELP,2023,36,,,,,2026,28,,,,,2024.5,19.263671875
-1,10100,KELP,2023,25,,,,,2026,25,,,,,2024.5,20.576171875
-1,10100,RAINFOREST_RESIN,9996,1,9995,24,,,10002,3,10004,1,10005,24,9999,222
-1,10200,RAINFOREST_RESIN,9996,2,9995,26,,,10004,2,10005,26,,,10000,222
-1,10200,KELP,2022,28,,,,,2026,28,,,,,2024,29.318359375
-1,10300,KELP,2024,1,2022,35,,,2025,27,,,,,2024.5,38.0234375
-1,10300,RAINFOREST_RESIN,9998,4,9995,27,,,10005,27,,,,,10001.5,222
-1,10400,RAINFOREST_RESIN,10002,1,9996,1,9995,28,10004,1,10005,28,,,10003,222
-1,10400,KELP,2023,1,2022,29,,,2026,29,,,,,2024.5,28.30078125
-1,10500,KELP,2023,2,2022,29,,,2026,31,,,,,2024.5,26.900390625
-1,10500,RAINFOREST_RESIN,9998,4,9996,2,9995,29,10004,2,10005,29,,,10001,224
-1,10600,RAINFOREST_RESIN,9996,2,9995,29,,,10000,4,10004,2,10005,29,9998,224
-1,10600,KELP,2022,31,,,,,2023,4,2024,4,2025,31,2022.5,35.337890625
-1,10700,KELP,2022,29,,,,,2025,28,,,,,2023.5,37.076171875
-1,10700,RAINFOREST_RESIN,9998,8,9995,28,,,10005,28,,,,,10001.5,224
-1,10800,RAINFOREST_RESIN,9998,5,9996,2,9995,22,10004,2,10005,22,,,10001,224
-1,10800,KELP,2022,27,,,,,2025,24,,,,,2023.5,35.755859375
-1,10900,KELP,2022,35,,,,,2025,28,,,,,2023.5,36.1484375
-1,10900,RAINFOREST_RESIN,9996,1,9995,27,,,10004,1,10005,27,,,10000,260
-1,11000,KELP,2024,7,2022,24,,,2025,24,,,,,2024.5,36.189453125
-1,11000,RAINFOREST_RESIN,9995,24,,,,,10002,7,10005,24,,,9998.5,260
-1,11100,RAINFOREST_RESIN,9998,3,9995,21,,,10005,21,,,,,10001.5,260
-1,11100,KELP,2022,21,,,,,2025,21,,,,,2023.5,38.25390625
-1,11200,RAINFOREST_RESIN,9996,2,9995,21,,,10002,7,10004,2,10005,21,9999,267
-1,11200,KELP,2022,23,,,,,2025,23,,,,,2023.5,40.0234375
-1,11300,KELP,2022,25,,,,,2025,22,,,,,2023.5,38.36328125
-1,11300,RAINFOREST_RESIN,9996,1,9995,21,,,10004,1,10005,21,,,10000,267
-1,11400,KELP,2022,26,,,,,2025,26,,,,,2023.5,35.98046875
-1,11400,RAINFOREST_RESIN,9996,1,9995,25,,,10004,1,10005,25,,,10000,267
-1,11500,RAINFOREST_RESIN,9996,1,9995,25,,,10002,7,10004,1,10005,25,9999,273
-1,11500,KELP,2022,26,,,,,2024,8,2025,26,,,2023,36.89453125
-1,11600,RAINFOREST_RESIN,9996,2,9995,27,,,10002,2,10004,2,10005,27,9999,273
-1,11600,KELP,2022,29,,,,,2026,29,,,,,2024,26.5625
-1,11700,KELP,2022,23,,,,,2023,2,2026,23,,,2022.5,30.6484375
-1,11700,RAINFOREST_RESIN,9996,2,9995,21,,,10004,2,10005,21,,,10000,273
-1,11800,KELP,2022,29,,,,,2024,4,2026,29,,,2023,24.9921875
-1,11800,RAINFOREST_RESIN,9998,10,9995,29,,,10000,5,10005,29,,,9999,273
-1,11900,RAINFOREST_RESIN,9996,2,9995,30,,,10004,2,10005,30,,,10000,273
-1,11900,KELP,2023,2,2022,30,,,2024,3,2026,32,,,2023.5,25.8828125
-1,12000,RAINFOREST_RESIN,10002,1,9995,20,,,10005,20,,,,,10003.5,273
-1,12000,KELP,2023,20,,,,,2026,20,,,,,2024.5,18.640625
-1,12100,KELP,2023,27,,,,,2025,1,2026,27,,,2024,18.91796875
-1,12100,RAINFOREST_RESIN,9996,2,9995,25,,,10004,2,10005,25,,,10000,275
-1,12200,KELP,2023,34,,,,,2026,30,,,,,2024.5,19.20703125
-1,12200,RAINFOREST_RESIN,9996,2,9995,28,,,10004,2,10005,28,,,10000,275
-1,12300,RAINFOREST_RESIN,9998,6,9996,1,9995,28,10004,1,10005,28,,,10001,275
-1,12300,KELP,2023,29,,,,,2026,29,,,,,2024.5,17.8515625
-1,12400,RAINFOREST_RESIN,9995,26,,,,,10005,26,,,,,10000,275
-1,12400,KELP,2023,30,,,,,2026,26,,,,,2024.5,16.765625
-1,12500,KELP,2023,19,,,,,2026,20,,,,,2024.5,28.0546875
-1,12500,RAINFOREST_RESIN,9995,20,,,,,10005,20,,,,,10000,275
-1,12600,KELP,2023,22,,,,,2026,22,,,,,2024.5,32.65625
-1,12600,RAINFOREST_RESIN,9995,22,,,,,10005,22,,,,,10000,275
-1,12700,RAINFOREST_RESIN,9996,2,9995,20,,,10004,2,10005,20,,,10000,275
-1,12700,KELP,2023,22,,,,,2026,22,,,,,2024.5,29.2109375
-1,12800,RAINFOREST_RESIN,9996,2,9995,20,,,10004,2,10005,20,,,10000,275
-1,12800,KELP,2023,22,,,,,2026,22,,,,,2024.5,26.6171875
-1,12900,KELP,2023,36,,,,,2026,29,,,,,2024.5,23.265625
-1,12900,RAINFOREST_RESIN,9996,1,9995,28,,,10002,3,10004,1,10005,28,9999,275
-1,13000,KELP,2025,1,2023,6,2022,20,2026,20,,,,,2025.5,38.6640625
-1,13000,RAINFOREST_RESIN,10002,1,9995,20,,,10005,20,,,,,10003.5,275
-1,13100,RAINFOREST_RESIN,9996,1,9995,25,,,10004,1,10005,25,,,10000,277
-1,13100,KELP,2023,33,,,,,2026,26,,,,,2024.5,34.125
-1,13200,RAINFOREST_RESIN,9998,2,9995,22,,,10005,22,,,,,10001.5,277
-1,13200,KELP,2022,22,,,,,2025,5,2026,22,,,2023.5,36.8984375
-1,13300,KELP,2023,6,2022,24,,,2026,24,,,,,2024.5,38.0703125
-1,13300,RAINFOREST_RESIN,9995,24,,,,,10005,24,,,,,10000,277
-1,13400,KELP,2023,32,,,,,2026,32,,,,,2024.5,38.1953125
-1,13400,RAINFOREST_RESIN,9996,2,9995,30,,,10004,2,10005,30,,,10000,285
-1,13500,RAINFOREST_RESIN,9995,30,,,,,10005,30,,,,,10000,285
-1,13500,KELP,2022,30,,,,,2025,8,2026,30,,,2023.5,38.6796875
-1,13600,RAINFOREST_RESIN,9995,25,,,,,10002,10,10005,25,,,9998.5,285
-1,13600,KELP,2023,24,,,,,2025,3,2026,25,,,2024,32.5390625
-1,13700,KELP,2023,25,,,,,2026,21,,,,,2024.5,32.40625
-1,13700,RAINFOREST_RESIN,9996,1,9995,20,,,9998,4,10004,1,10005,20,9997,285
-1,13800,KELP,2023,23,,,,,2026,22,,,,,2024.5,29.9765625
-1,13800,RAINFOREST_RESIN,9996,2,9995,20,,,10004,2,10005,20,,,10000,293
-1,13900,RAINFOREST_RESIN,9996,2,9995,20,,,10000,6,10004,2,10005,20,9998,293
-1,13900,KELP,2023,22,,,,,2024,6,2025,4,2026,22,2023.5,35.3125
-1,14000,RAINFOREST_RESIN,9998,5,9996,2,9995,27,10004,2,10005,27,,,10001,293
-1,14000,KELP,2023,3,2022,29,,,2026,29,,,,,2024.5,42.6875
-1,14100,KELP,2023,25,,,,,2025,1,2026,25,,,2024,29.5078125
-1,14100,RAINFOREST_RESIN,9996,2,9995,23,,,10004,2,10005,23,,,10000,293
-1,14200,KELP,2023,20,,,,,2026,21,,,,,2024.5,28.7421875
-1,14200,RAINFOREST_RESIN,9995,21,,,,,10005,21,,,,,10000,293
-1,14300,RAINFOREST_RESIN,9996,2,9995,27,,,10004,2,10005,27,,,10000,293
-1,14300,KELP,2022,29,,,,,2026,29,,,,,2024,46.90625
-1,14400,RAINFOREST_RESIN,9996,1,9995,29,,,10004,1,10005,29,,,10000,293
-1,14400,KELP,2023,30,,,,,2026,30,,,,,2024.5,37.7890625
-1,14500,KELP,2023,24,,,,,2026,24,,,,,2024.5,36.171875
-1,14500,RAINFOREST_RESIN,9995,24,,,,,10002,1,10005,24,,,9998.5,293
-1,14600,KELP,2022,28,,,,,2024,2,2026,28,,,2023,44
-1,14600,RAINFOREST_RESIN,9996,2,9995,26,,,10000,2,10004,2,10005,26,9998,293
-1,14700,RAINFOREST_RESIN,9995,30,,,,,10002,7,10005,30,,,9998.5,293
-1,14700,KELP,2022,30,,,,,2025,30,,,,,2023.5,59.3671875
-1,14800,RAINFOREST_RESIN,9995,28,,,,,10002,6,10005,28,,,9998.5,293
-1,14800,KELP,2022,28,,,,,2025,28,,,,,2023.5,59.8203125
-1,14900,KELP,2023,4,2022,26,,,2025,26,,,,,2024,60.96875
-1,14900,RAINFOREST_RESIN,10000,4,9995,26,,,10005,26,,,,,10002.5,293
-1,15000,KELP,2024,8,2022,25,,,2025,25,,,,,2024.5,64.234375
-1,15000,RAINFOREST_RESIN,9998,1,9995,25,,,10005,25,,,,,10001.5,293
-1,15100,RAINFOREST_RESIN,9995,22,,,,,10005,22,,,,,10000,293
-1,15100,KELP,2022,27,,,,,2025,22,,,,,2023.5,76.5390625
-1,15200,RAINFOREST_RESIN,9998,6,9995,27,,,10005,27,,,,,10001.5,293
-1,15200,KELP,2022,26,,,,,2025,27,,,,,2023.5,77.0390625
-1,15300,KELP,2022,26,,,,,2024,4,2025,26,,,2023,78.7265625
-1,15300,RAINFOREST_RESIN,9995,26,,,,,10002,1,10005,26,,,9998.5,293
-1,15400,KELP,2022,35,,,,,2025,30,,,,,2023.5,81.6015625
-1,15400,RAINFOREST_RESIN,9996,2,9995,28,,,9998,1,10004,2,10005,28,9997,296
-1,15500,RAINFOREST_RESIN,10002,1,9996,2,9995,29,10004,2,10005,29,,,10003,298
-1,15500,KELP,2022,31,,,,,2024,8,2025,31,,,2023,75.71875
-1,15600,RAINFOREST_RESIN,9996,2,9995,24,,,10004,2,10005,24,,,10000,300
-1,15600,KELP,2022,31,,,,,2025,26,,,,,2023.5,70.84375
-1,15700,KELP,2022,25,,,,,2025,25,,,,,2023.5,63.8828125
-1,15700,RAINFOREST_RESIN,10002,5,9996,1,9995,24,10004,1,10005,24,,,10003,306
-1,15800,KELP,2025,1,2022,22,,,2026,22,,,,,2025.5,46.5390625
-1,15800,RAINFOREST_RESIN,9998,10,9996,2,9995,20,10004,2,10005,20,,,10001,316
-1,15900,RAINFOREST_RESIN,9996,2,9995,29,,,10000,6,10004,2,10005,29,9998,316
-1,15900,KELP,2023,31,,,,,2024,6,2025,2,2026,31,2023.5,31.109375
-1,16000,RAINFOREST_RESIN,9996,2,9995,27,,,10002,6,10004,2,10005,27,9999,316
-1,16000,KELP,2023,29,,,,,2025,2,2026,29,,,2024,33.5859375
-1,16100,KELP,2022,21,,,,,2023,2,2026,21,,,2022.5,55.59375
-1,16100,RAINFOREST_RESIN,9995,21,,,,,10000,2,10002,10,10005,21,9997.5,316
-1,16200,KELP,2022,24,,,,,2023,1,2026,24,,,2022.5,49.8046875
-1,16200,RAINFOREST_RESIN,9995,24,,,,,9998,1,10005,24,,,9996.5,316
-1,16300,RAINFOREST_RESIN,9996,1,9995,22,,,10004,1,10005,22,,,10000,318
-1,16300,KELP,2023,2,2022,23,,,2026,23,,,,,2024.5,51.3828125
-1,16400,RAINFOREST_RESIN,9996,2,9995,30,,,10002,3,10004,2,10005,30,9999,342
-1,16400,KELP,2023,2,2022,30,,,2026,32,,,,,2024.5,41.234375
-1,16500,KELP,2023,2,2022,21,,,2026,23,,,,,2024.5,40.09375
-1,16500,RAINFOREST_RESIN,9996,2,9995,21,,,10002,7,10004,2,10005,21,9999,342
-1,16600,KELP,2022,30,,,,,2023,1,2026,30,,,2022.5,45.1640625
-1,16600,RAINFOREST_RESIN,9998,4,9996,2,9995,28,10004,2,10005,28,,,10001,342
-1,16700,RAINFOREST_RESIN,10002,1,9995,26,,,10005,26,,,,,10003.5,342
-1,16700,KELP,2025,1,2022,26,,,2026,26,,,,,2025.5,40.9765625
-1,16800,RAINFOREST_RESIN,9995,26,,,,,10005,26,,,,,10000,344
-1,16800,KELP,2022,26,,,,,2026,26,,,,,2024,46.4921875
-1,16900,KELP,2023,1,2022,25,,,2026,26,,,,,2024.5,40.515625
-1,16900,RAINFOREST_RESIN,9996,1,9995,25,,,10004,1,10005,25,,,10000,364
-1,17000,KELP,2023,29,,,,,2026,29,,,,,2024.5,34.4296875
-1,17000,RAINFOREST_RESIN,9998,9,9995,29,,,10005,29,,,,,10001.5,364
-1,17100,KELP,2023,23,,,,,2026,23,,,,,2024.5,29.0703125
-1,17100,RAINFOREST_RESIN,9996,2,9995,21,,,10004,2,10005,21,,,10000,364
-1,17200,RAINFOREST_RESIN,9998,3,9996,2,9995,22,10004,2,10005,22,,,10001,364
-1,17200,KELP,2023,24,,,,,2026,24,,,,,2024.5,22.609375
-1,17300,KELP,2023,25,,,,,2025,6,2026,25,,,2024,18.46875
-1,17300,RAINFOREST_RESIN,9996,2,9995,23,,,10002,9,10004,2,10005,23,9999,364
-1,17400,RAINFOREST_RESIN,10000,6,9998,7,9995,28,10005,28,,,,,10002.5,364
-1,17400,KELP,2024,6,2023,28,,,2026,28,,,,,2025,7.828125
-1,17500,KELP,2023,26,,,,,2027,26,,,,,2025,6.0546875
-1,17500,RAINFOREST_RESIN,9995,26,,,,,10005,26,,,,,10000,364
-1,17600,RAINFOREST_RESIN,9998,6,9995,30,,,10005,30,,,,,10001.5,364
-1,17600,KELP,2023,30,,,,,2026,30,,,,,2024.5,11.2421875
-1,17700,KELP,2025,1,2023,29,,,2026,29,,,,,2025.5,14.90625
-1,17700,RAINFOREST_RESIN,9996,2,9995,27,,,10004,2,10005,27,,,10000,364
-1,17800,RAINFOREST_RESIN,9996,2,9995,24,,,10002,5,10004,2,10005,24,9999,364
-1,17800,KELP,2023,26,,,,,2026,2,2027,24,,,2024.5,7.6328125
-1,17900,KELP,2023,23,,,,,2027,23,,,,,2025,5.578125
-1,17900,RAINFOREST_RESIN,9995,23,,,,,10005,23,,,,,10000,364
-1,18000,RAINFOREST_RESIN,9996,2,9995,25,,,10004,2,10005,25,,,10000,364
-1,18000,KELP,2023,27,,,,,2026,27,,,,,2024.5,9.65625
-1,18100,KELP,2023,20,,,,,2027,20,,,,,2025,-4.265625
-1,18100,RAINFOREST_RESIN,9995,20,,,,,10005,20,,,,,10000,364
-1,18200,RAINFOREST_RESIN,9996,1,9995,25,,,10004,1,10005,25,,,10000,364
-1,18200,KELP,2024,21,,,,,2027,26,,,,,2025.5,-19.2734375
-1,18300,KELP,2023,25,,,,,2027,25,,,,,2025,-8.5546875
-1,18300,RAINFOREST_RESIN,9996,2,9995,23,,,10004,2,10005,23,,,10000,364
-1,18400,RAINFOREST_RESIN,9996,2,9995,23,,,10004,2,10005,23,,,10000,364
-1,18400,KELP,2024,25,,,,,2026,5,2027,25,,,2025,-28.1640625
-1,18500,KELP,2024,29,,,,,2025,1,2027,29,,,2024.5,-31.3046875
-1,18500,RAINFOREST_RESIN,9995,29,,,,,10000,2,10005,29,,,9997.5,364
-1,18600,RAINFOREST_RESIN,10002,1,9995,20,,,10005,20,,,,,10003.5,364
-1,18600,KELP,2024,20,,,,,2026,5,2027,20,,,2025,-36.640625
-1,18700,KELP,2024,22,,,,,2027,22,,,,,2025.5,-38.1171875
-1,18700,RAINFOREST_RESIN,9995,22,,,,,10005,22,,,,,10000,366
-1,18800,RAINFOREST_RESIN,9996,2,9995,26,,,10004,2,10005,26,,,10000,366
-1,18800,KELP,2024,28,,,,,2027,28,,,,,2025.5,-26.5234375
-1,18900,KELP,2024,22,,,,,2027,22,,,,,2025.5,-31.6328125
-1,18900,RAINFOREST_RESIN,9998,2,9995,22,,,10005,22,,,,,10001.5,366
-1,19000,RAINFOREST_RESIN,9996,2,9995,26,,,10004,2,10005,26,,,10000,366
-1,19000,KELP,2024,18,,,,,2027,28,,,,,2025.5,-32.65625
-1,19100,KELP,2024,28,,,,,2027,28,,,,,2025.5,-34.015625
-1,19100,RAINFOREST_RESIN,9996,2,9995,26,,,10004,2,10005,26,,,10000,366
-1,19200,RAINFOREST_RESIN,9996,1,9995,20,,,9998,1,10004,1,10005,20,9997,366
-1,19200,KELP,2024,21,,,,,2027,21,,,,,2025.5,-37.1875
-1,19300,KELP,2024,23,,,,,2027,23,,,,,2025.5,-37.921875
-1,19300,RAINFOREST_RESIN,9996,2,9995,21,,,10004,2,10005,21,,,10000,368
-1,19400,RAINFOREST_RESIN,9995,26,,,,,10005,26,,,,,10000,371
-1,19400,KELP,2023,26,,,,,2027,26,,,,,2025,-11.75
-1,19500,KELP,2024,23,,,,,2027,23,,,,,2025.5,-26.5234375
-1,19500,RAINFOREST_RESIN,9995,23,,,,,10005,23,,,,,10000,371
-1,19600,RAINFOREST_RESIN,9996,2,9995,27,,,10004,2,10005,27,,,10000,371
-1,19600,KELP,2024,2,2023,27,,,2027,29,,,,,2025.5,-12.0234375
-1,19700,KELP,2024,31,,,,,2026,7,2027,32,,,2025,-16.65625
-1,19700,RAINFOREST_RESIN,10002,1,9996,2,9995,30,10004,2,10005,30,,,10003,371
-1,19800,RAINFOREST_RESIN,9996,2,9995,29,,,10004,2,10005,29,,,10000,373
-1,19800,KELP,2024,31,,,,,2027,31,,,,,2025.5,-22.7265625
-1,19900,KELP,2024,32,,,,,2027,32,,,,,2025.5,-29.234375
-1,19900,RAINFOREST_RESIN,9996,2,9995,30,,,10004,2,10005,30,,,10000,373
-1,20000,KELP,2024,2,2023,27,,,2027,27,,,,,2025.5,-1.25
-1,20000,RAINFOREST_RESIN,9995,27,,,,,10002,4,10005,27,,,9998.5,373
-1,20100,RAINFOREST_RESIN,10002,1,9996,1,9995,30,10004,1,10005,30,,,10003,373
-1,20100,KELP,2023,31,,,,,2025,4,2027,31,,,2024,-3.953125
-1,20200,RAINFOREST_RESIN,9995,29,,,,,9998,1,10005,29,,,9996.5,375
-1,20200,KELP,2023,29,,,,,2027,29,,,,,2025,2.484375
-1,20300,KELP,2024,26,,,,,2027,27,,,,,2025.5,-33.0390625
-1,20300,RAINFOREST_RESIN,9995,27,,,,,10005,27,,,,,10000,377
-1,20400,KELP,2024,30,,,,,2025,4,2027,29,,,2024.5,-18.953125
-1,20400,RAINFOREST_RESIN,9996,1,9995,28,,,10000,4,10004,1,10005,28,9998,377
-1,20500,RAINFOREST_RESIN,10000,3,9996,2,9995,30,10004,2,10005,30,,,10002,377
-1,20500,KELP,2025,4,2024,7,2023,30,2027,32,,,,,2026,-10.09375
-1,20600,RAINFOREST_RESIN,9996,2,9995,26,,,10004,2,10005,26,,,10000,377
-1,20600,KELP,2023,28,,,,,2027,28,,,,,2025,-8.65625
-1,20700,KELP,2025,6,2023,22,,,2027,22,,,,,2026,-10.5
-1,20700,RAINFOREST_RESIN,10002,1,10000,6,9998,4,10005,22,,,,,10003.5,377
-1,20800,KELP,2024,2,2023,22,,,2027,24,,,,,2025.5,-11.109375
-1,20800,RAINFOREST_RESIN,9996,2,9995,22,,,10004,2,10005,22,,,10000,379
-1,20900,RAINFOREST_RESIN,9995,23,,,,,10005,23,,,,,10000,379
-1,20900,KELP,2026,1,2023,23,,,2027,23,,,,,2026.5,-13.3515625
-1,21000,RAINFOREST_RESIN,9996,2,9995,26,,,10004,2,10005,26,,,10000,379
-1,21000,KELP,2024,28,,,,,2027,28,,,,,2025.5,-15.75
-1,21100,KELP,2024,2,2023,22,,,2027,24,,,,,2025.5,-11.28125
-1,21100,RAINFOREST_RESIN,9996,2,9995,22,,,10004,2,10005,22,,,10000,379
-1,21200,KELP,2024,22,,,,,2027,22,,,,,2025.5,-18.453125
-1,21200,RAINFOREST_RESIN,9995,22,,,,,9998,1,10005,22,,,9996.5,379
-1,21300,RAINFOREST_RESIN,9996,1,9995,29,,,10002,7,10004,1,10005,29,9999,381
-1,21300,KELP,2024,1,2023,29,,,2027,30,,,,,2025.5,-12.65625
-1,21400,RAINFOREST_RESIN,9995,28,,,,,10005,28,,,,,10000,405
-1,21400,KELP,2024,28,,,,,2027,28,,,,,2025.5,-17.8515625
-1,21500,KELP,2026,4,2024,21,,,2027,21,,,,,2026.5,-37.8046875
-1,21500,RAINFOREST_RESIN,9996,1,9995,20,,,10004,1,10005,20,,,10000,405
-1,21600,KELP,2024,27,,,,,2027,2,2028,25,,,2025.5,-44.0390625
-1,21600,RAINFOREST_RESIN,10002,12,9996,2,9995,25,10004,2,10005,25,,,10003,405
-1,21700,RAINFOREST_RESIN,9998,8,9996,2,9995,29,10004,2,10005,29,,,10001,429
-1,21700,KELP,2024,31,,,,,2027,31,,,,,2025.5,-39.5625
-1,21800,RAINFOREST_RESIN,9996,2,9995,22,,,10004,2,10005,22,,,10000,429
-1,21800,KELP,2024,24,,,,,2028,24,,,,,2026,-48.3203125
-1,21900,KELP,2024,22,,,,,2028,22,,,,,2026,-50.4140625
-1,21900,RAINFOREST_RESIN,10002,3,9996,1,9995,21,10004,1,10005,21,,,10003,429
-1,22000,KELP,2024,21,,,,,2028,21,,,,,2026,-43.8046875
-1,22000,RAINFOREST_RESIN,9995,21,,,,,10005,21,,,,,10000,435
-1,22100,RAINFOREST_RESIN,9996,2,9995,22,,,10002,7,10004,2,10005,22,9999,435
-1,22100,KELP,2024,23,,,,,2027,24,,,,,2025.5,-27.875
-1,22200,RAINFOREST_RESIN,9998,6,9996,1,9995,20,10004,1,10005,20,,,10001,435
-1,22200,KELP,2024,21,,,,,2027,21,,,,,2025.5,-18.0546875
-1,22300,KELP,2023,29,,,,,2026,1,2027,28,,,2024.5,7.234375
-1,22300,RAINFOREST_RESIN,9996,1,9995,28,,,10004,1,10005,28,,,10000,446
-1,22400,KELP,2023,29,,,,,2026,29,,,,,2024.5,9.40625
-1,22400,RAINFOREST_RESIN,9996,2,9995,27,,,9998,1,10004,2,10005,27,9997,446
-1,22500,RAINFOREST_RESIN,9996,2,9995,29,,,10004,2,10005,29,,,10000,475
-1,22500,KELP,2023,31,,,,,2026,31,,,,,2024.5,20.65625
-1,22600,RAINFOREST_RESIN,10000,6,9998,6,9996,2,10004,2,10005,20,,,10002,475
-1,22600,KELP,2024,6,2023,26,,,2026,22,,,,,2025,24.296875
-1,22700,KELP,2023,25,,,,,2026,26,,,,,2024.5,26.046875
-1,22700,RAINFOREST_RESIN,9996,2,9995,24,,,10004,2,10005,24,,,10000,475
-1,22800,KELP,2023,27,,,,,2026,28,,,,,2024.5,35.8125
-1,22800,RAINFOREST_RESIN,9996,1,9995,27,,,9998,2,10004,1,10005,27,9997,475
-1,22900,RAINFOREST_RESIN,9996,2,9995,30,,,10002,8,10004,2,10005,30,9999,479
-1,22900,KELP,2023,2,2022,30,,,2026,32,,,,,2024.5,38.3828125
-1,23000,RAINFOREST_RESIN,9996,1,9995,21,,,10004,1,10005,21,,,10000,479
-1,23000,KELP,2022,22,,,,,2026,22,,,,,2024,45.1640625
-1,23100,KELP,2023,23,,,,,2026,23,,,,,2024.5,31.859375
-1,23100,RAINFOREST_RESIN,9998,8,9995,23,,,10005,23,,,,,10001.5,479
-1,23200,KELP,2023,2,2022,29,,,2024,3,2026,31,,,2023.5,37.5859375
-1,23200,RAINFOREST_RESIN,9998,5,9996,2,9995,29,10004,2,10005,29,,,10001,479
-1,23300,RAINFOREST_RESIN,9996,1,9995,29,,,10004,1,10005,29,,,10000,481
-1,23300,KELP,2023,30,,,,,2026,30,,,,,2024.5,28.9765625
-1,23400,RAINFOREST_RESIN,9996,1,9995,29,,,10004,1,10005,29,,,10000,481
-1,23400,KELP,2023,30,,,,,2026,30,,,,,2024.5,28.4296875
-1,23500,KELP,2023,29,,,,,2025,4,2026,30,,,2024,28.875
-1,23500,RAINFOREST_RESIN,9998,8,9996,2,9995,28,10004,2,10005,28,,,10001,481
-1,23600,KELP,2022,27,,,,,2026,27,,,,,2024,37.4765625
-1,23600,RAINFOREST_RESIN,9995,27,,,,,10005,27,,,,,10000,481
-1,23700,RAINFOREST_RESIN,10002,1,9996,2,9995,21,10004,2,10005,21,,,10003,481
-1,23700,KELP,2023,2,2022,21,,,2025,7,2026,23,,,2024,36.8828125
-1,23800,RAINFOREST_RESIN,9995,30,,,,,10005,30,,,,,10000,507
-1,23800,KELP,2024,1,2022,30,,,2026,30,,,,,2025,53.09375
-1,23900,KELP,2025,1,2023,1,2022,30,2026,30,,,,,2025.5,41.703125
-1,23900,RAINFOREST_RESIN,9995,30,,,,,10005,30,,,,,10000,507
-1,24000,KELP,2022,29,,,,,2026,29,,,,,2024,41.9921875
-1,24000,RAINFOREST_RESIN,9998,9,9995,29,,,10005,29,,,,,10001.5,507
-1,24100,RAINFOREST_RESIN,9996,1,9995,25,,,10004,1,10005,25,,,10000,507
-1,24100,KELP,2023,1,2022,25,,,2025,3,2026,26,,,2024,36.53125
-1,24200,RAINFOREST_RESIN,9996,2,9995,28,,,10002,6,10004,2,10005,28,9999,531
-1,24200,KELP,2023,30,,,,,2026,30,,,,,2024.5,29.0390625
-1,24300,KELP,2023,26,,,,,2026,26,,,,,2024.5,27.859375
-1,24300,RAINFOREST_RESIN,9996,2,9995,24,,,10002,1,10004,2,10005,24,9999,531
-1,24400,KELP,2025,1,2023,22,,,2026,22,,,,,2025.5,34.09375
-1,24400,RAINFOREST_RESIN,10002,1,9998,4,9996,1,10004,1,10005,21,,,10003,531
-1,24500,RAINFOREST_RESIN,10002,1,9996,1,9995,25,10004,1,10005,25,,,10003,533
-1,24500,KELP,2022,26,,,,,2026,26,,,,,2024,45.953125
-1,24600,RAINFOREST_RESIN,9995,24,,,,,9998,2,10005,24,,,9996.5,541
-1,24600,KELP,2022,24,,,,,2024,2,2026,24,,,2023,40.265625
-1,24700,KELP,2023,25,,,,,2026,25,,,,,2024.5,33.796875
-1,24700,RAINFOREST_RESIN,9995,25,,,,,10005,25,,,,,10000,545
-1,24800,KELP,2022,23,,,,,2026,23,,,,,2024,46.5390625
-1,24800,RAINFOREST_RESIN,9995,23,,,,,10005,23,,,,,10000,545
-1,24900,RAINFOREST_RESIN,10002,1,9996,1,9995,22,10004,1,10005,22,,,10003,545
-1,24900,KELP,2024,4,2022,23,,,2026,23,,,,,2025,43.703125
-1,25000,RAINFOREST_RESIN,9995,23,,,,,10005,23,,,,,10000,547
-1,25000,KELP,2023,23,,,,,2026,23,,,,,2024.5,34.953125
-1,25100,KELP,2022,25,,,,,2024,4,2026,25,,,2023,41.8125
-1,25100,RAINFOREST_RESIN,10002,1,9995,25,,,10005,25,,,,,10003.5,547
-1,25200,KELP,2023,1,2022,24,,,2025,3,2026,25,,,2024,39.859375
-1,25200,RAINFOREST_RESIN,9996,1,9995,24,,,9998,5,10004,1,10005,24,9997,549
-1,25300,RAINFOREST_RESIN,9996,2,9995,22,,,10004,2,10005,22,,,10000,559
-1,25300,KELP,2023,4,2022,22,,,2026,24,,,,,2024.5,39.5390625
-1,25400,RAINFOREST_RESIN,9996,1,9995,29,,,10004,1,10005,29,,,10000,559
-1,25400,KELP,2025,8,2023,30,,,2026,30,,,,,2025.5,36.34375
-1,25500,KELP,2022,21,,,,,2025,21,,,,,2023.5,64.6328125
-1,25500,RAINFOREST_RESIN,9996,1,9995,20,,,9998,6,10002,9,10004,1,9997,559
-1,25600,KELP,2023,31,,,,,2026,23,,,,,2024.5,35.484375
-1,25600,RAINFOREST_RESIN,9996,1,9995,22,,,10002,7,10004,1,10005,22,9999,571
-1,25700,RAINFOREST_RESIN,9996,2,9995,30,,,10004,2,10005,30,,,10000,571
-1,25700,KELP,2023,32,,,,,2025,6,2026,32,,,2024,28.546875
-1,25800,RAINFOREST_RESIN,10002,4,9995,24,,,10005,24,,,,,10003.5,583
-1,25800,KELP,2023,23,,,,,2026,24,,,,,2024.5,20.078125
-1,25900,KELP,2023,25,,,,,2026,25,,,,,2024.5,31.3828125
-1,25900,RAINFOREST_RESIN,9996,2,9995,23,,,10004,2,10005,23,,,10000,591
-1,26000,RAINFOREST_RESIN,9996,2,9995,27,,,10004,2,10005,27,,,10000,591
-1,26000,KELP,2023,22,,,,,2026,29,,,,,2024.5,38.0078125
-1,26100,KELP,2023,20,,,,,2026,20,,,,,2024.5,30.359375
-1,26100,RAINFOREST_RESIN,9998,7,9995,20,,,10005,20,,,,,10001.5,591
-1,26200,RAINFOREST_RESIN,9996,1,9995,22,,,10004,1,10005,22,,,10000,591
-1,26200,KELP,2023,23,,,,,2026,23,,,,,2024.5,28.2890625
-1,26300,KELP,2023,30,,,,,2026,30,,,,,2024.5,30.328125
-1,26300,RAINFOREST_RESIN,9996,1,9995,29,,,9998,1,10004,1,10005,29,9997,591
-1,26400,RAINFOREST_RESIN,9995,22,,,,,10005,22,,,,,10000,593
-1,26400,KELP,2023,27,,,,,2026,22,,,,,2024.5,34.25
-1,26500,KELP,2023,24,,,,,2026,24,,,,,2024.5,35.1640625
-1,26500,RAINFOREST_RESIN,9996,1,9995,23,,,10004,1,10005,23,,,10000,593
-1,26600,RAINFOREST_RESIN,9996,2,9995,28,,,9998,1,10004,2,10005,28,9997,593
-1,26600,KELP,2023,36,,,,,2026,30,,,,,2024.5,31.0078125
-1,26700,KELP,2023,24,,,,,2025,6,2026,24,,,2024,31.546875
-1,26700,RAINFOREST_RESIN,9998,2,9996,1,9995,23,10004,1,10005,23,,,10001,595
-1,26800,RAINFOREST_RESIN,9996,2,9995,28,,,10004,2,10005,28,,,10000,595
-1,26800,KELP,2025,1,2023,30,,,2026,30,,,,,2025.5,33.09375
-1,26900,KELP,2023,29,,,,,2026,30,,,,,2024.5,34.0390625
-1,26900,RAINFOREST_RESIN,10002,1,9995,30,,,10005,30,,,,,10003.5,595
-1,27000,RAINFOREST_RESIN,9995,28,,,,,10002,1,10005,28,,,9998.5,597
-1,27000,KELP,2023,30,,,,,2026,28,,,,,2024.5,33.484375
-1,27100,KELP,2023,27,,,,,2026,24,,,,,2024.5,29.015625
-1,27100,RAINFOREST_RESIN,9995,24,,,,,10005,24,,,,,10000,597
-1,27200,RAINFOREST_RESIN,9998,2,9995,21,,,10005,21,,,,,10001.5,597
-1,27200,KELP,2023,21,,,,,2025,2,2026,21,,,2024,31.0703125
-1,27300,KELP,2025,1,2023,31,,,2026,31,,,,,2025.5,29.578125
-1,27300,RAINFOREST_RESIN,9996,2,9995,29,,,10004,2,10005,29,,,10000,597
-1,27400,RAINFOREST_RESIN,9995,21,,,,,10005,21,,,,,10000,597
-1,27400,KELP,2023,21,,,,,2026,21,,,,,2024.5,17.234375
-1,27500,KELP,2023,23,,,,,2025,6,2026,23,,,2024,15.140625
-1,27500,RAINFOREST_RESIN,9996,1,9995,22,,,10004,1,10005,22,,,10000,597
-1,27600,RAINFOREST_RESIN,9998,5,9995,24,,,10005,24,,,,,10001.5,597
-1,27600,KELP,2023,30,,,,,2026,24,,,,,2024.5,21
-1,27700,KELP,2023,19,,,,,2026,24,,,,,2024.5,18.8359375
-1,27700,RAINFOREST_RESIN,9995,24,,,,,10005,24,,,,,10000,597
-1,27800,RAINFOREST_RESIN,9998,9,9996,2,9995,26,10004,2,10005,26,,,10001,597
-1,27800,KELP,2023,28,,,,,2025,3,2026,28,,,2024,12.90625
-1,27900,KELP,2025,1,2023,29,,,2026,29,,,,,2025.5,16.3671875
-1,27900,RAINFOREST_RESIN,9996,2,9995,27,,,10002,4,10004,2,10005,27,9999,597
-1,28000,RAINFOREST_RESIN,9998,2,9995,28,,,10005,28,,,,,10001.5,597
-1,28000,KELP,2023,28,,,,,2026,28,,,,,2024.5,11.8515625
-1,28100,KELP,2023,26,,,,,2026,26,,,,,2024.5,16.046875
-1,28100,RAINFOREST_RESIN,9996,2,9995,24,,,10004,2,10005,24,,,10000,597
-1,28200,RAINFOREST_RESIN,9996,1,9995,25,,,9998,2,10004,1,10005,25,9997,597
-1,28200,KELP,2023,26,,,,,2025,5,2026,1,2027,25,2024,5.359375
-1,28300,KELP,2023,24,,,,,2024,2,2027,24,,,2023.5,2.328125
-1,28300,RAINFOREST_RESIN,9996,1,9995,23,,,10004,1,10005,23,,,10000,601
-1,28400,RAINFOREST_RESIN,9996,2,9995,23,,,10004,2,10005,23,,,10000,601
-1,28400,KELP,2023,24,,,,,2027,25,,,,,2025,4.4140625
-1,28500,KELP,2023,23,,,,,2027,23,,,,,2025,-1.125
-1,28500,RAINFOREST_RESIN,9998,10,9995,23,,,10005,23,,,,,10001.5,601
-1,28600,RAINFOREST_RESIN,10002,1,9996,2,9995,21,10004,2,10005,21,,,10003,601
-1,28600,KELP,2023,23,,,,,2025,8,2027,23,,,2024,-1.5703125
-1,28700,RAINFOREST_RESIN,9995,30,,,,,10005,30,,,,,10000,603
-1,28700,KELP,2023,30,,,,,2027,30,,,,,2025,-4.7421875
-1,28800,RAINFOREST_RESIN,9995,27,,,,,10005,27,,,,,10000,603
-1,28800,KELP,2024,27,,,,,2027,27,,,,,2025.5,-13.734375
-1,28900,KELP,2024,26,,,,,2027,22,,,,,2025.5,-31.09375
-1,28900,RAINFOREST_RESIN,9998,7,9996,1,9995,21,10004,1,10005,21,,,10001,603
-1,29000,KELP,2024,23,,,,,2027,24,,,,,2025.5,-19.2109375
-1,29000,RAINFOREST_RESIN,9995,24,,,,,10005,24,,,,,10000,603
-1,29100,RAINFOREST_RESIN,9996,2,9995,26,,,10004,2,10005,26,,,10000,635
-1,29100,KELP,2024,31,,,,,2027,28,,,,,2025.5,-24.5234375
-1,29200,RAINFOREST_RESIN,9996,1,9995,30,,,10004,1,10005,30,,,10000,635
-1,29200,KELP,2026,1,2024,31,,,2027,31,,,,,2026.5,-20.890625
-1,29300,KELP,2024,32,,,,,2026,2,2027,32,,,2025,-22.296875
-1,29300,RAINFOREST_RESIN,9996,2,9995,30,,,10002,3,10004,2,10005,30,9999,635
-1,29400,KELP,2024,25,,,,,2027,26,,,,,2025.5,-23.4453125
-1,29400,RAINFOREST_RESIN,10002,1,9996,1,9995,25,10004,1,10005,25,,,10003,635
-1,29500,RAINFOREST_RESIN,9996,2,9995,27,,,10004,2,10005,27,,,10000,637
-1,29500,KELP,2024,31,,,,,2027,29,,,,,2025.5,-24.3515625
-1,29600,RAINFOREST_RESIN,9996,2,9995,28,,,10004,2,10005,28,,,10000,637
-1,29600,KELP,2024,2,2023,28,,,2025,3,2027,30,,,2024.5,-8.578125
-1,29700,KELP,2024,28,,,,,2027,26,,,,,2025.5,-36.984375
-1,29700,RAINFOREST_RESIN,9996,1,9995,25,,,10002,4,10004,1,10005,25,9999,637
-1,29800,KELP,2024,31,,,,,2026,1,2027,1,2028,30,2025,-41.2421875
-1,29800,RAINFOREST_RESIN,9998,6,9996,1,9995,30,10004,1,10005,30,,,10001,637
-1,29900,RAINFOREST_RESIN,9995,21,,,,,10005,21,,,,,10000,637
-1,29900,KELP,2025,8,2024,21,,,2028,21,,,,,2026.5,-44.2890625
-1,30000,RAINFOREST_RESIN,9998,3,9996,1,9995,30,10004,1,10005,30,,,10001,637
-1,30000,KELP,2024,31,,,,,2028,31,,,,,2026,-49.109375
-1,30100,KELP,2024,30,,,,,2027,30,,,,,2025.5,-35.8828125
-1,30100,RAINFOREST_RESIN,9996,2,9995,28,,,10004,2,10005,28,,,10000,641
-1,30200,KELP,2024,22,,,,,2027,22,,,,,2025.5,-39.71875
-1,30200,RAINFOREST_RESIN,9996,2,9995,20,,,10004,2,10005,20,,,10000,641
-1,30300,RAINFOREST_RESIN,9996,2,9995,29,,,10002,9,10004,2,10005,29,9999,641
-1,30300,KELP,2026,1,2024,31,,,2027,31,,,,,2026.5,-33.09375
-1,30400,RAINFOREST_RESIN,10000,5,9996,2,9995,29,10002,8,10004,2,10005,29,10001,641
-1,30400,KELP,2025,5,2024,31,,,2027,31,,,,,2026,-25.5703125
-1,30500,KELP,2024,22,,,,,2027,22,,,,,2025.5,-12.890625
-1,30500,RAINFOREST_RESIN,9998,5,9996,2,9995,20,10004,2,10005,20,,,10001,641
-1,30600,KELP,2024,1,2023,20,,,2027,22,,,,,2025.5,-9.7734375
-1,30600,RAINFOREST_RESIN,9996,2,9995,20,,,10002,4,10004,2,10005,20,9999,641
-1,30700,RAINFOREST_RESIN,9995,30,,,,,10005,30,,,,,10000,642
-1,30700,KELP,2024,30,,,,,2027,30,,,,,2025.5,-12.90625
-1,30800,RAINFOREST_RESIN,9996,1,9995,30,,,10004,1,10005,30,,,10000,642
-1,30800,KELP,2024,4,2023,30,,,2027,31,,,,,2025.5,-10.8828125
-1,30900,KELP,2023,30,,,,,2025,7,2026,30,,,2024,17.90625
-1,30900,RAINFOREST_RESIN,9996,2,9995,28,,,10002,6,10004,2,10005,28,9999,642
-1,31000,KELP,2024,4,2023,30,,,2026,23,,,,,2025,14.25
-1,31000,RAINFOREST_RESIN,10000,4,9996,1,9995,22,10004,1,10005,22,,,10002,642
-1,31100,RAINFOREST_RESIN,9996,2,9995,27,,,10004,2,10005,27,,,10000,642
-1,31100,KELP,2023,29,,,,,2026,2,2027,27,,,2024.5,9.1328125
-1,31200,RAINFOREST_RESIN,9996,2,9995,29,,,10002,6,10004,2,10005,29,9999,642
-1,31200,KELP,2023,31,,,,,2026,31,,,,,2024.5,10.75
-1,31300,KELP,2023,24,,,,,2026,24,,,,,2024.5,12.1484375
-1,31300,RAINFOREST_RESIN,9996,1,9995,23,,,10004,1,10005,23,,,10000,642
-1,31400,KELP,2023,26,,,,,2026,26,,,,,2024.5,22.296875
-1,31400,RAINFOREST_RESIN,9995,26,,,,,9998,1,10005,26,,,9996.5,642
-1,31500,RAINFOREST_RESIN,9995,30,,,,,10005,30,,,,,10000,644
-1,31500,KELP,2023,35,,,,,2026,30,,,,,2024.5,19.265625
-1,31600,RAINFOREST_RESIN,9995,27,,,,,10005,27,,,,,10000,644
-1,31600,KELP,2025,1,2023,27,,,2026,27,,,,,2025.5,14.5859375
-1,31700,KELP,2023,24,,,,,2025,3,2026,24,,,2024,13.4921875
-1,31700,RAINFOREST_RESIN,9996,2,9995,22,,,10004,2,10005,22,,,10000,644
-1,31800,KELP,2024,6,2023,26,,,2026,1,2027,25,,,2025,5.328125
-1,31800,RAINFOREST_RESIN,10000,6,9996,1,9995,25,10004,1,10005,25,,,10002,644
-1,31900,RAINFOREST_RESIN,9998,3,9995,28,,,10005,28,,,,,10001.5,644
-1,31900,KELP,2024,4,2023,28,,,2027,28,,,,,2025.5,4.6640625
-1,32000,RAINFOREST_RESIN,9996,1,9995,24,,,10004,1,10005,24,,,10000,652
-1,32000,KELP,2024,2,2023,25,,,2026,1,2027,24,,,2025,7.5859375
-1,32100,KELP,2023,29,,,,,2026,29,,,,,2024.5,23.734375
-1,32100,RAINFOREST_RESIN,9996,1,9995,28,,,10004,1,10005,28,,,10000,652
-1,32200,KELP,2023,28,,,,,2027,28,,,,,2025,1.6796875
-1,32200,RAINFOREST_RESIN,9996,1,9995,27,,,10004,1,10005,27,,,10000,652
-1,32300,RAINFOREST_RESIN,9995,25,,,,,10005,25,,,,,10000,652
-1,32300,KELP,2023,25,,,,,2026,25,,,,,2024.5,16.0078125
-1,32400,RAINFOREST_RESIN,9996,1,9995,30,,,10004,1,10005,30,,,10000,652
-1,32400,KELP,2023,30,,,,,2026,1,2027,30,,,2024.5,8.421875
-1,32500,KELP,2023,21,,,,,2025,5,2027,22,,,2024,1.9140625
-1,32500,RAINFOREST_RESIN,9998,1,9996,1,9995,21,10004,1,10005,21,,,10001,652
-1,32600,KELP,2023,30,,,,,2027,30,,,,,2025,-1.1953125
-1,32600,RAINFOREST_RESIN,10002,1,9995,30,,,10005,30,,,,,10003.5,652
-1,32700,RAINFOREST_RESIN,9996,2,9995,22,,,10004,2,10005,22,,,10000,662
-1,32700,KELP,2023,24,,,,,2026,2,2027,22,,,2024.5,4.875
-1,32800,RAINFOREST_RESIN,9996,2,9995,28,,,10004,2,10005,28,,,10000,662
-1,32800,KELP,2023,30,,,,,2026,2,2027,28,,,2024.5,5.9921875
-1,32900,KELP,2023,29,,,,,2026,2,2027,27,,,2024.5,9.5234375
-1,32900,RAINFOREST_RESIN,9996,2,9995,27,,,10004,2,10005,27,,,10000,689
-1,33000,KELP,2025,1,2023,30,,,2026,30,,,,,2025.5,15.0390625
-1,33000,RAINFOREST_RESIN,9996,2,9995,28,,,10004,2,10005,28,,,10000,689
-1,33100,RAINFOREST_RESIN,9996,1,9995,28,,,10004,1,10005,28,,,10000,689
-1,33100,KELP,2023,28,,,,,2025,3,2026,29,,,2024,14.4609375
-1,33200,RAINFOREST_RESIN,9996,1,9995,20,,,10002,7,10004,1,10005,20,9999,689
-1,33200,KELP,2023,20,,,,,2024,10,2026,1,2027,20,2023.5,5.421875
-1,33300,KELP,2024,1,2023,20,,,2027,21,,,,,2025.5,-10.5859375
-1,33300,RAINFOREST_RESIN,9996,1,9995,20,,,10004,1,10005,20,,,10000,689
-1,33400,KELP,2023,32,,,,,2027,32,,,,,2025,-4.3359375
-1,33400,RAINFOREST_RESIN,9996,2,9995,30,,,10002,3,10004,2,10005,30,9999,689
-1,33500,RAINFOREST_RESIN,9996,1,9995,20,,,10004,1,10005,20,,,10000,689
-1,33500,KELP,2023,21,,,,,2026,21,,,,,2024.5,18.265625
-1,33600,RAINFOREST_RESIN,10002,6,9995,27,,,10005,27,,,,,10003.5,692
-1,33600,KELP,2023,27,,,,,2026,27,,,,,2024.5,21.5859375
-1,33700,KELP,2023,32,,,,,2026,28,,,,,2024.5,26.6953125
-1,33700,RAINFOREST_RESIN,9996,1,9995,27,,,10002,1,10004,1,10005,27,9999,704
-1,33800,KELP,2024,3,2023,31,,,2026,26,,,,,2025,34.4296875
-1,33800,RAINFOREST_RESIN,9996,1,9995,25,,,10004,1,10005,25,,,10000,704
-1,33900,RAINFOREST_RESIN,9995,24,,,,,10005,24,,,,,10000,704
-1,33900,KELP,2023,24,,,,,2026,24,,,,,2024.5,26.6953125
-1,34000,RAINFOREST_RESIN,10002,1,9995,30,,,10005,30,,,,,10003.5,704
-1,34000,KELP,2023,29,,,,,2025,8,2026,30,,,2024,24.234375
-1,34100,KELP,2023,25,,,,,2026,23,,,,,2024.5,31.140625
-1,34100,RAINFOREST_RESIN,9996,1,9995,22,,,10004,1,10005,22,,,10000,706
-1,34200,KELP,2022,23,,,,,2024,1,2026,23,,,2023,48.4296875
-1,34200,RAINFOREST_RESIN,9995,23,,,,,10005,23,,,,,10000,715
-1,34300,RAINFOREST_RESIN,10002,1,9996,1,9995,22,10004,1,10005,22,,,10003,715
-1,34300,KELP,2022,23,,,,,2026,23,,,,,2024,62.140625
-1,34400,RAINFOREST_RESIN,9996,2,9995,23,,,10004,2,10005,23,,,10000,717
-1,34400,KELP,2023,3,2022,25,,,2025,2,2026,23,,,2024,63.046875
-1,34500,KELP,2022,30,,,,,2023,5,2024,1,2026,30,2022.5,62.71875
-1,34500,RAINFOREST_RESIN,9995,30,,,,,10005,30,,,,,10000,717
-1,34600,KELP,2022,29,,,,,2023,1,2026,29,,,2022.5,54.78125
-1,34600,RAINFOREST_RESIN,9995,29,,,,,10005,29,,,,,10000,717
-1,34700,RAINFOREST_RESIN,9998,6,9995,24,,,10005,24,,,,,10001.5,717
-1,34700,KELP,2023,24,,,,,2026,24,,,,,2024.5,48.859375
-1,34800,RAINFOREST_RESIN,9996,2,9995,23,,,10004,2,10005,23,,,10000,717
-1,34800,KELP,2023,2,2022,23,,,2026,25,,,,,2024.5,52.8984375
-1,34900,KELP,2023,21,,,,,2026,21,,,,,2024.5,47.8984375
-1,34900,RAINFOREST_RESIN,9996,1,9995,20,,,10004,1,10005,20,,,10000,717
-1,35000,RAINFOREST_RESIN,10002,1,9995,20,,,10005,20,,,,,10003.5,717
-1,35000,KELP,2025,1,2023,20,,,2026,20,,,,,2025.5,25.8203125
-1,35100,KELP,2023,31,,,,,2026,31,,,,,2024.5,38.4296875
-1,35100,RAINFOREST_RESIN,10002,3,9996,2,9995,29,10004,2,10005,29,,,10003,719
-1,35200,RAINFOREST_RESIN,9996,2,9995,28,,,10002,10,10004,2,10005,28,9999,725
-1,35200,KELP,2023,33,,,,,2026,30,,,,,2024.5,31.296875
-1,35300,KELP,2023,20,,,,,2026,28,,,,,2024.5,45.34375
-1,35300,RAINFOREST_RESIN,9998,6,9996,1,9995,27,10004,1,10005,27,,,10001,725
-1,35400,RAINFOREST_RESIN,10002,3,9995,25,,,10005,25,,,,,10003.5,725
-1,35400,KELP,2025,1,2023,27,,,2026,25,,,,,2025.5,47.0859375
-1,35500,KELP,2023,28,,,,,2026,28,,,,,2024.5,46.0859375
-1,35500,RAINFOREST_RESIN,9996,2,9995,26,,,10004,2,10005,26,,,10000,731
-1,35600,RAINFOREST_RESIN,9995,26,,,,,10005,26,,,,,10000,731
-1,35600,KELP,2023,26,,,,,2026,26,,,,,2024.5,49.1953125
-1,35700,KELP,2023,29,,,,,2026,29,,,,,2024.5,44.796875
-1,35700,RAINFOREST_RESIN,9996,2,9995,27,,,10004,2,10005,27,,,10000,731
-1,35800,RAINFOREST_RESIN,9998,7,9996,1,9995,30,10004,1,10005,30,,,10001,731
-1,35800,KELP,2023,29,,,,,2026,31,,,,,2024.5,45.6953125
-1,35900,KELP,2023,2,2022,21,,,2026,23,,,,,2024.5,54.09375
-1,35900,RAINFOREST_RESIN,9996,2,9995,21,,,10004,2,10005,21,,,10000,731
-1,36000,RAINFOREST_RESIN,9995,30,,,,,10002,5,10005,30,,,9998.5,731
-1,36000,KELP,2022,30,,,,,2024,3,2026,30,,,2023,53.9140625
-1,36100,KELP,2022,26,,,,,2025,2,2026,24,,,2023.5,65.875
-1,36100,RAINFOREST_RESIN,10002,8,9996,2,9995,24,10004,2,10005,24,,,10003,731
-1,36200,RAINFOREST_RESIN,9996,1,9995,29,,,9998,1,10004,1,10005,29,9997,747
-1,36200,KELP,2022,30,,,,,2025,1,2026,29,,,2023.5,65.4921875
-1,36300,KELP,2022,22,,,,,2024,6,2025,22,,,2023,69.5546875
-1,36300,RAINFOREST_RESIN,9996,1,9995,21,,,10004,1,10005,21,,,10000,749
-1,36400,RAINFOREST_RESIN,9998,1,9996,1,9995,20,10004,1,10005,20,,,10001,749
-1,36400,KELP,2024,1,2023,3,2022,21,2025,1,2026,20,,,2024.5,67.8203125
-1,36500,KELP,2022,25,,,,,2023,2,2025,25,,,2022.5,75.6171875
-1,36500,RAINFOREST_RESIN,9995,25,,,,,10005,25,,,,,10000,749
-1,36600,RAINFOREST_RESIN,9996,1,9995,28,,,10004,1,10005,28,,,10000,749
-1,36600,KELP,2022,29,,,,,2025,29,,,,,2023.5,70.8203125
-1,36700,KELP,2021,21,,,,,2025,21,,,,,2023,109.6484375
-1,36700,RAINFOREST_RESIN,9995,21,,,,,10005,21,,,,,10000,749
-1,36800,RAINFOREST_RESIN,9995,30,,,,,10005,30,,,,,10000,749
-1,36800,KELP,2021,30,,,,,2025,30,,,,,2023,106.296875
-1,36900,KELP,2021,27,,,,,2024,27,,,,,2022.5,134
-1,36900,RAINFOREST_RESIN,9996,1,9995,26,,,10004,1,10005,26,,,10000,749
-1,37000,RAINFOREST_RESIN,9996,2,9995,23,,,10004,2,10005,23,,,10000,749
-1,37000,KELP,2020,25,,,,,2024,25,,,,,2022,150.7421875
-1,37100,KELP,2021,27,,,,,2024,23,,,,,2022.5,122.7265625
-1,37100,RAINFOREST_RESIN,9996,2,9995,21,,,10004,2,10005,21,,,10000,749
-1,37200,RAINFOREST_RESIN,9996,1,9995,20,,,10004,1,10005,20,,,10000,749
-1,37200,KELP,2021,25,,,,,2024,21,,,,,2022.5,125.4296875
-1,37300,KELP,2022,4,2021,28,,,2024,1,2025,27,,,2023,112.2890625
-1,37300,RAINFOREST_RESIN,9996,1,9995,27,,,9998,10,10002,4,10004,1,9997,749
-1,37400,RAINFOREST_RESIN,10002,1,9998,2,9995,30,10005,30,,,,,10003.5,769
-1,37400,KELP,2021,30,,,,,2024,30,,,,,2022.5,116.65625
-1,37500,KELP,2020,27,,,,,2024,27,,,,,2022,147.9765625
-1,37500,RAINFOREST_RESIN,9996,2,9995,25,,,10004,2,10005,25,,,10000,771
-1,37600,KELP,2020,22,,,,,2024,22,,,,,2022,155.125
-1,37600,RAINFOREST_RESIN,9995,22,,,,,10002,7,10005,22,,,9998.5,774
-1,37700,RAINFOREST_RESIN,9996,1,9995,23,,,10004,1,10005,23,,,10000,774
-1,37700,KELP,2020,24,,,,,2024,24,,,,,2022,153.359375
-1,37800,RAINFOREST_RESIN,9995,25,,,,,10005,25,,,,,10000,774
-1,37800,KELP,2020,24,,,,,2024,25,,,,,2022,157.6015625
-1,37900,KELP,2019,25,,,,,2023,25,,,,,2021,192.1953125
-1,37900,RAINFOREST_RESIN,9995,25,,,,,10005,25,,,,,10000,774
-1,38000,KELP,2019,32,,,,,2021,4,2023,32,,,2020,192.5703125
-1,38000,RAINFOREST_RESIN,10002,1,9996,2,9995,30,10004,2,10005,30,,,10003,774
-1,38100,RAINFOREST_RESIN,9996,2,9995,26,,,10002,2,10004,2,10005,26,9999,776
-1,38100,KELP,2019,28,,,,,2022,2,2023,26,,,2020.5,198.8046875
-1,38200,RAINFOREST_RESIN,9996,1,9995,27,,,10004,1,10005,27,,,10000,776
-1,38200,KELP,2019,28,,,,,2023,28,,,,,2021,187.75
-1,38300,KELP,2019,26,,,,,2022,26,,,,,2020.5,203.21875
-1,38300,RAINFOREST_RESIN,9998,5,9995,26,,,10005,26,,,,,10001.5,776
-1,38400,KELP,2019,24,,,,,2020,6,2022,24,,,2019.5,205.0703125
-1,38400,RAINFOREST_RESIN,9996,1,9995,23,,,10000,6,10004,1,10005,23,9998,776
-1,38500,RAINFOREST_RESIN,10002,1,9995,21,,,10005,21,,,,,10003.5,776
-1,38500,KELP,2019,21,,,,,2022,21,,,,,2020.5,211.0078125
-1,38600,RAINFOREST_RESIN,9996,2,9995,28,,,10004,2,10005,28,,,10000,778
-1,38600,KELP,2019,30,,,,,2022,30,,,,,2020.5,208.734375
-1,38700,KELP,2019,20,,,,,2022,20,,,,,2020.5,206.8515625
-1,38700,RAINFOREST_RESIN,9995,20,,,,,10005,20,,,,,10000,781
-1,38800,KELP,2019,21,,,,,2020,2,2021,1,2022,21,2019.5,206.7578125
-1,38800,RAINFOREST_RESIN,9996,1,9995,20,,,10002,1,10004,1,10005,20,9999,781
-1,38900,RAINFOREST_RESIN,9996,2,9995,30,,,10004,2,10005,30,,,10000,805
-1,38900,KELP,2019,32,,,,,2021,7,2022,2,2023,30,2020,200.6796875
-1,39000,RAINFOREST_RESIN,9995,23,,,,,10002,9,10005,23,,,9998.5,805
-1,39000,KELP,2019,23,,,,,2023,23,,,,,2021,192.1796875
-1,39100,KELP,2020,25,,,,,2023,25,,,,,2021.5,172.5078125
-1,39100,RAINFOREST_RESIN,9998,8,9996,1,9995,24,10004,1,10005,24,,,10001,805
-1,39200,KELP,2020,30,,,,,2022,2,2023,30,,,2021,167.9921875
-1,39200,RAINFOREST_RESIN,9996,1,9995,29,,,10004,1,10005,29,,,10000,805
-1,39300,RAINFOREST_RESIN,9995,27,,,,,10005,27,,,,,10000,805
-1,39300,KELP,2020,27,,,,,2023,27,,,,,2021.5,156.5859375
-1,39400,RAINFOREST_RESIN,9996,1,9995,30,,,10004,1,10005,30,,,10000,805
-1,39400,KELP,2020,31,,,,,2022,5,2023,31,,,2021,173.9453125
-1,39500,KELP,2019,27,,,,,2021,3,2022,27,,,2020,214.0859375
-1,39500,RAINFOREST_RESIN,9995,27,,,,,9998,1,10002,2,10005,27,9996.5,808
-1,39600,KELP,2021,4,2019,23,,,2023,23,,,,,2022,197.453125
-1,39600,RAINFOREST_RESIN,9995,23,,,,,10005,23,,,,,10000,810
-1,39700,RAINFOREST_RESIN,9996,2,9995,22,,,10004,2,10005,22,,,10000,810
-1,39700,KELP,2019,28,,,,,2022,2,2023,22,,,2020.5,201.7890625
-1,39800,RAINFOREST_RESIN,9996,1,9995,27,,,10004,1,10005,27,,,10000,810
-1,39800,KELP,2019,28,,,,,2022,1,2023,27,,,2020.5,202.109375
-1,39900,KELP,2019,31,,,,,2022,31,,,,,2020.5,215.75
-1,39900,RAINFOREST_RESIN,9996,1,9995,30,,,10002,4,10004,1,10005,30,9999,810
-1,40000,KELP,2018,22,,,,,2022,22,,,,,2020,232.6328125
-1,40000,RAINFOREST_RESIN,9995,22,,,,,10005,22,,,,,10000,810
-1,40100,RAINFOREST_RESIN,9996,2,9995,29,,,10002,8,10004,2,10005,29,9999,810
-1,40100,KELP,2019,31,,,,,2022,31,,,,,2020.5,216.484375
-1,40200,RAINFOREST_RESIN,9996,1,9995,28,,,10004,1,10005,28,,,10000,810
-1,40200,KELP,2019,1,2018,28,,,2022,29,,,,,2020.5,233.5
-1,40300,KELP,2019,22,,,,,2022,22,,,,,2020.5,226.578125
-1,40300,RAINFOREST_RESIN,9995,22,,,,,9998,1,10005,22,,,9996.5,810
-1,40400,KELP,2018,24,,,,,2022,24,,,,,2020,238.96875
-1,40400,RAINFOREST_RESIN,9996,1,9995,23,,,10004,1,10005,23,,,10000,812
-1,40500,RAINFOREST_RESIN,10002,1,9996,2,9995,27,10004,2,10005,27,,,10003,812
-1,40500,KELP,2019,1,2018,27,,,2022,29,,,,,2020.5,235.34375
-1,40600,RAINFOREST_RESIN,9996,2,9995,24,,,10004,2,10005,24,,,10000,814
-1,40600,KELP,2019,4,2018,26,,,2022,26,,,,,2020.5,242.125
-1,40700,KELP,2018,22,,,,,2021,22,,,,,2019.5,270.28125
-1,40700,RAINFOREST_RESIN,9998,7,9996,2,9995,20,10004,2,10005,20,,,10001,814
-1,40800,KELP,2018,27,,,,,2021,27,,,,,2019.5,258.6640625
-1,40800,RAINFOREST_RESIN,9995,27,,,,,10005,27,,,,,10000,814
-1,40900,RAINFOREST_RESIN,9998,10,9996,2,9995,26,10004,2,10005,26,,,10001,814
-1,40900,KELP,2017,28,,,,,2021,28,,,,,2019,288.25
-1,41000,RAINFOREST_RESIN,9995,21,,,,,10002,10,10005,21,,,9998.5,848
-1,41000,KELP,2018,20,,,,,2020,3,2021,21,,,2019,263.7734375
-1,41100,KELP,2018,24,,,,,2021,27,,,,,2019.5,266.1171875
-1,41100,RAINFOREST_RESIN,9995,27,,,,,10005,27,,,,,10000,848
-1,41200,KELP,2018,29,,,,,2021,29,,,,,2019.5,266.828125
-1,41200,RAINFOREST_RESIN,9995,29,,,,,10005,29,,,,,10000,848
-1,41300,RAINFOREST_RESIN,9998,2,9996,1,9995,24,10004,1,10005,24,,,10001,848
-1,41300,KELP,2017,25,,,,,2019,4,2021,25,,,2018,292.7421875
-1,41400,RAINFOREST_RESIN,9998,5,9996,2,9995,23,10000,4,10004,2,10005,23,9999,848
-1,41400,KELP,2017,25,,,,,2018,4,2019,5,2020,25,2017.5,326.9375
-1,41500,KELP,2017,22,,,,,2019,1,2021,22,,,2018,296.640625
-1,41500,RAINFOREST_RESIN,9998,8,9996,2,9995,20,10004,2,10005,20,,,10001,848
-1,41600,KELP,2017,23,,,,,2019,7,2020,1,2021,22,2018,300.109375
-1,41600,RAINFOREST_RESIN,9996,1,9995,22,,,10004,1,10005,22,,,10000,848
-1,41700,RAINFOREST_RESIN,10000,5,9995,21,,,10005,21,,,,,10002.5,848
-1,41700,KELP,2019,4,2017,21,,,2021,21,,,,,2020,291
-1,41800,RAINFOREST_RESIN,9996,2,9995,22,,,10004,2,10005,22,,,10000,848
-1,41800,KELP,2018,24,,,,,2021,24,,,,,2019.5,270.53125
-1,41900,KELP,2018,22,,,,,2020,1,2021,22,,,2019,268.0625
-1,41900,RAINFOREST_RESIN,9996,1,9995,21,,,9998,4,10004,1,10005,21,9997,848
-1,42000,KELP,2018,31,,,,,2020,5,2021,32,,,2019,259.078125
-1,42000,RAINFOREST_RESIN,9996,2,9995,30,,,10004,2,10005,30,,,10000,856
-1,42100,RAINFOREST_RESIN,9998,8,9996,2,9995,21,10004,2,10005,21,,,10001,856
-1,42100,KELP,2018,23,,,,,2021,2,2022,21,,,2019.5,251.9453125
-1,42200,RAINFOREST_RESIN,10002,1,9995,28,,,10005,28,,,,,10003.5,856
-1,42200,KELP,2018,28,,,,,2022,28,,,,,2020,249.6640625
-1,42300,KELP,2018,20,,,,,2019,7,2020,2,2022,20,2018.5,247.1640625
-1,42300,RAINFOREST_RESIN,9995,20,,,,,10005,20,,,,,10000,858
-1,42400,KELP,2019,30,,,,,2022,31,,,,,2020.5,229.484375
-1,42400,RAINFOREST_RESIN,9996,2,9995,29,,,10004,2,10005,29,,,10000,858
-1,42500,RAINFOREST_RESIN,9995,24,,,,,10002,3,10005,24,,,9998.5,858
-1,42500,KELP,2019,24,,,,,2022,24,,,,,2020.5,230.8671875
-1,42600,RAINFOREST_RESIN,9995,26,,,,,10005,26,,,,,10000,874
-1,42600,KELP,2019,26,,,,,2022,26,,,,,2020.5,225.921875
-1,42700,KELP,2018,26,,,,,2022,26,,,,,2020,242.203125
-1,42700,RAINFOREST_RESIN,9995,26,,,,,10005,26,,,,,10000,882
-1,42800,KELP,2019,30,,,,,2022,30,,,,,2020.5,230.0234375
-1,42800,RAINFOREST_RESIN,9995,30,,,,,10005,30,,,,,10000,882
-1,42900,RAINFOREST_RESIN,9995,25,,,,,10005,25,,,,,10000,882
-1,42900,KELP,2019,25,,,,,2022,25,,,,,2020.5,218.5
-1,43000,RAINFOREST_RESIN,9995,23,,,,,10005,23,,,,,10000,890
-1,43000,KELP,2020,2,2019,23,,,2023,23,,,,,2021.5,194.15625
-1,43100,KELP,2020,21,,,,,2023,21,,,,,2021.5,176.265625
-1,43100,RAINFOREST_RESIN,9995,21,,,,,10005,21,,,,,10000,890
-1,43200,KELP,2019,21,,,,,2023,21,,,,,2021,188.75
-1,43200,RAINFOREST_RESIN,9996,1,9995,20,,,10004,1,10005,20,,,10000,890
-1,43300,RAINFOREST_RESIN,9996,1,9995,24,,,10004,1,10005,24,,,10000,890
-1,43300,KELP,2019,25,,,,,2021,2,2023,25,,,2020,189.03125
-1,43400,RAINFOREST_RESIN,9996,2,9995,22,,,10004,2,10005,22,,,10000,890
-1,43400,KELP,2021,4,2020,24,,,2023,24,,,,,2022,181.90625
-1,43500,KELP,2020,22,,,,,2022,7,2023,23,,,2021,178.34375
-1,43500,RAINFOREST_RESIN,9998,7,9995,23,,,10005,23,,,,,10001.5,890
-1,43600,KELP,2020,5,2019,21,,,2023,23,,,,,2021.5,184.65625
-1,43600,RAINFOREST_RESIN,9996,2,9995,21,,,10002,9,10004,2,10005,21,9999,890
-1,43700,KELP,2020,24,,,,,2023,24,,,,,2021.5,180.0234375
-1,43700,RAINFOREST_RESIN,9996,1,9995,23,,,10004,1,10005,23,,,10000,890
-1,43800,RAINFOREST_RESIN,9996,2,9995,26,,,10004,2,10005,26,,,10000,890
-1,43800,KELP,2020,35,,,,,2023,28,,,,,2021.5,172.4453125
-1,43900,KELP,2020,36,,,,,2023,30,,,,,2021.5,181.6015625
-1,43900,RAINFOREST_RESIN,10002,4,9998,2,9996,1,10004,1,10005,29,,,10003,890
-1,44000,RAINFOREST_RESIN,9996,2,9995,20,,,10004,2,10005,20,,,10000,898
-1,44000,KELP,2020,22,,,,,2022,3,2023,22,,,2021,171.75
-1,44100,KELP,2019,24,,,,,2023,24,,,,,2021,196.3046875
-1,44100,RAINFOREST_RESIN,9995,24,,,,,9998,1,10002,2,10005,24,9996.5,898
-1,44200,RAINFOREST_RESIN,9995,21,,,,,10005,21,,,,,10000,900
-1,44200,KELP,2019,21,,,,,2023,21,,,,,2021,198.703125
-1,44300,KELP,2019,27,,,,,2023,27,,,,,2021,195.2578125
-1,44300,RAINFOREST_RESIN,9995,27,,,,,10005,27,,,,,10000,900
-1,44400,RAINFOREST_RESIN,9998,7,9995,28,,,10005,28,,,,,10001.5,900
-1,44400,KELP,2018,28,,,,,2022,28,,,,,2020,236.234375
-1,44500,KELP,2021,1,2019,2,2018,21,2022,21,,,,,2021.5,234.109375
-1,44500,RAINFOREST_RESIN,9995,21,,,,,10005,21,,,,,10000,900
-1,44600,RAINFOREST_RESIN,9996,1,9995,23,,,10004,1,10005,23,,,10000,900
-1,44600,KELP,2019,24,,,,,2022,24,,,,,2020.5,225.0859375
-1,44700,KELP,2019,29,,,,,2022,29,,,,,2020.5,227.4140625
-1,44700,RAINFOREST_RESIN,9995,29,,,,,10002,10,10005,29,,,9998.5,900
-1,44800,RAINFOREST_RESIN,9995,29,,,,,9998,1,10002,10,10005,29,9996.5,900
-1,44800,KELP,2018,29,,,,,2022,29,,,,,2020,237.4609375
-1,44900,KELP,2019,1,2018,26,,,2022,26,,,,,2020.5,241.1328125
-1,44900,RAINFOREST_RESIN,9996,1,9995,25,,,10004,1,10005,25,,,10000,902
-1,45000,RAINFOREST_RESIN,10002,1,9996,2,9995,24,10004,2,10005,24,,,10003,902
-1,45000,KELP,2018,26,,,,,2022,26,,,,,2020,240.1484375
-1,45100,KELP,2019,27,,,,,2021,5,2022,27,,,2020,229.2890625
-1,45100,RAINFOREST_RESIN,9996,1,9995,26,,,10004,1,10005,26,,,10000,904
-1,45200,RAINFOREST_RESIN,9996,1,9995,28,,,10004,1,10005,28,,,10000,904
-1,45200,KELP,2019,29,,,,,2021,6,2022,29,,,2020,231.5390625
-1,45300,KELP,2018,26,,,,,2021,22,,,,,2019.5,256.6328125
-1,45300,RAINFOREST_RESIN,9995,22,,,,,10005,22,,,,,10000,904
-1,45400,RAINFOREST_RESIN,9996,2,9995,21,,,9998,1,10004,2,10005,21,9997,904
-1,45400,KELP,2018,22,,,,,2020,2,2021,23,,,2019,271.6875
-1,45500,KELP,2018,25,,,,,2019,3,2021,25,,,2018.5,267.3515625
-1,45500,RAINFOREST_RESIN,9996,1,9995,24,,,10000,3,10004,1,10005,24,9998,906
-1,45600,RAINFOREST_RESIN,9995,26,,,,,10002,5,10005,26,,,9998.5,906
-1,45600,KELP,2018,33,,,,,2021,26,,,,,2019.5,262.4375
-1,45700,KELP,2018,24,,,,,2021,24,,,,,2019.5,261.765625
-1,45700,RAINFOREST_RESIN,9995,24,,,,,10005,24,,,,,10000,906
-1,45800,RAINFOREST_RESIN,9996,1,9995,27,,,10004,1,10005,27,,,10000,906
-1,45800,KELP,2018,27,,,,,2021,28,,,,,2019.5,258.5546875
-1,45900,KELP,2019,4,2018,31,,,2022,31,,,,,2020.5,244.8203125
-1,45900,RAINFOREST_RESIN,9996,1,9995,30,,,10004,1,10005,30,,,10000,906
-1,46000,RAINFOREST_RESIN,9996,2,9995,24,,,10004,2,10005,24,,,10000,912
-1,46000,KELP,2019,2,2018,24,,,2022,26,,,,,2020.5,232.9453125
-1,46100,KELP,2019,25,,,,,2022,25,,,,,2020.5,228.78125
-1,46100,RAINFOREST_RESIN,9998,6,9996,2,9995,23,10004,2,10005,23,,,10001,912
-1,46200,RAINFOREST_RESIN,9998,2,9996,1,9995,27,10004,1,10005,27,,,10001,912
-1,46200,KELP,2018,28,,,,,2021,1,2022,27,,,2019.5,250.0234375
-1,46300,KELP,2018,29,,,,,2021,29,,,,,2019.5,262.1015625
-1,46300,RAINFOREST_RESIN,9996,2,9995,27,,,10004,2,10005,27,,,10000,912
-1,46400,RAINFOREST_RESIN,9995,22,,,,,10005,22,,,,,10000,912
-1,46400,KELP,2018,22,,,,,2022,22,,,,,2020,251.25
-1,46500,KELP,2019,6,2018,31,,,2021,31,,,,,2020,254.1015625
-1,46500,RAINFOREST_RESIN,10000,6,9996,1,9995,30,10004,1,10005,30,,,10002,912
-1,46600,KELP,2019,3,2018,28,,,2021,1,2022,27,,,2020,249.6484375
-1,46600,RAINFOREST_RESIN,9998,10,9996,1,9995,27,10004,1,10005,27,,,10001,912
-1,46700,RAINFOREST_RESIN,9995,26,,,,,10005,26,,,,,10000,914
-1,46700,KELP,2019,26,,,,,2022,26,,,,,2020.5,230.6875
-1,46800,RAINFOREST_RESIN,9996,1,9995,21,,,10004,1,10005,21,,,10000,914
-1,46800,KELP,2019,22,,,,,2022,22,,,,,2020.5,218.2890625
-1,46900,KELP,2021,1,2019,32,,,2022,32,,,,,2021.5,229.375
-1,46900,RAINFOREST_RESIN,9996,2,9995,30,,,10004,2,10005,30,,,10000,914
-1,47000,KELP,2019,21,,,,,2022,21,,,,,2020.5,225.671875
-1,47000,RAINFOREST_RESIN,9996,1,9995,20,,,10004,1,10005,20,,,10000,914
-1,47100,RAINFOREST_RESIN,9996,2,9995,24,,,9998,1,10004,2,10005,24,9997,914
-1,47100,KELP,2019,22,,,,,2022,26,,,,,2020.5,229.328125
-1,47200,RAINFOREST_RESIN,10002,1,9996,2,9995,28,10004,2,10005,28,,,10003,916
-1,47200,KELP,2019,30,,,,,2022,30,,,,,2020.5,227.9453125
-1,47300,KELP,2019,25,,,,,2021,1,2022,25,,,2020,223.953125
-1,47300,RAINFOREST_RESIN,10002,1,9998,3,9995,25,10005,25,,,,,10003.5,918
-1,47400,KELP,2019,25,,,,,2022,24,,,,,2020.5,214.1953125
-1,47400,RAINFOREST_RESIN,9995,24,,,,,10002,9,10005,24,,,9998.5,920
-1,47500,RAINFOREST_RESIN,9995,30,,,,,10002,1,10005,30,,,9998.5,920
-1,47500,KELP,2019,30,,,,,2021,6,2022,30,,,2020,215.3125
-1,47600,RAINFOREST_RESIN,9996,1,9995,27,,,10004,1,10005,27,,,10000,920
-1,47600,KELP,2019,28,,,,,2022,28,,,,,2020.5,206.6640625
-1,47700,KELP,2019,23,,,,,2022,23,,,,,2020.5,204.671875
-1,47700,RAINFOREST_RESIN,9996,1,9995,22,,,10002,8,10004,1,10005,22,9999,920
-1,47800,KELP,2019,23,,,,,2022,1,2023,22,,,2020.5,202.09375
-1,47800,RAINFOREST_RESIN,9996,1,9995,22,,,10002,8,10004,1,10005,22,9999,920
-1,47900,RAINFOREST_RESIN,10002,1,9995,27,,,10005,27,,,,,10003.5,920
-1,47900,KELP,2019,27,,,,,2023,27,,,,,2021,201.234375
-1,48000,RAINFOREST_RESIN,9995,27,,,,,10005,27,,,,,10000,922
-1,48000,KELP,2019,27,,,,,2023,27,,,,,2021,202.1796875
-1,48100,KELP,2019,22,,,,,2022,21,,,,,2020.5,211.1953125
-1,48100,RAINFOREST_RESIN,9995,21,,,,,10002,9,10005,21,,,9998.5,922
-1,48200,KELP,2019,25,,,,,2022,25,,,,,2020.5,213.9609375
-1,48200,RAINFOREST_RESIN,9998,5,9995,25,,,10005,25,,,,,10001.5,930
-1,48300,RAINFOREST_RESIN,9996,1,9995,28,,,9998,1,10000,5,10004,1,9997,930
-1,48300,KELP,2018,29,,,,,2019,5,2022,29,,,2018.5,247.390625
-1,48400,RAINFOREST_RESIN,9995,27,,,,,10002,7,10005,27,,,9998.5,932
-1,48400,KELP,2019,1,2018,27,,,2022,27,,,,,2020.5,245.9140625
-1,48500,KELP,2019,1,2018,29,,,2022,29,,,,,2020.5,248.265625
-1,48500,RAINFOREST_RESIN,9995,29,,,,,9998,1,10005,29,,,9996.5,932
-1,48600,KELP,2019,1,2018,29,,,2022,29,,,,,2020.5,247.46875
-1,48600,RAINFOREST_RESIN,9996,1,9995,28,,,10004,1,10005,28,,,10000,934
-1,48700,RAINFOREST_RESIN,9996,1,9995,22,,,10004,1,10005,22,,,10000,937
-1,48700,KELP,2018,23,,,,,2022,23,,,,,2020,250.3515625
-1,48800,RAINFOREST_RESIN,9996,1,9995,23,,,10004,1,10005,23,,,10000,937
-1,48800,KELP,2019,29,,,,,2022,24,,,,,2020.5,237.09375
-1,48900,KELP,2019,34,,,,,2022,27,,,,,2020.5,231.984375
-1,48900,RAINFOREST_RESIN,9995,27,,,,,10005,27,,,,,10000,937
-1,49000,KELP,2019,39,,,,,2022,32,,,,,2020.5,236.0546875
-1,49000,RAINFOREST_RESIN,9996,2,9995,30,,,10004,2,10005,30,,,10000,937
-1,49100,RAINFOREST_RESIN,9996,2,9995,30,,,10004,2,10005,30,,,10000,937
-1,49100,KELP,2019,40,,,,,2022,32,,,,,2020.5,223.5625
-1,49200,RAINFOREST_RESIN,9996,1,9995,20,,,10004,1,10005,20,,,10000,937
-1,49200,KELP,2019,21,,,,,2022,21,,,,,2020.5,233.5859375
-1,49300,KELP,2019,21,,,,,2022,22,,,,,2020.5,230.78125
-1,49300,RAINFOREST_RESIN,9998,9,9996,1,9995,21,10004,1,10005,21,,,10001,937
-1,49400,KELP,2021,9,2020,5,2019,20,2022,20,,,,,2021.5,237.578125
-1,49400,RAINFOREST_RESIN,9995,20,,,,,10005,20,,,,,10000,937
-1,49500,RAINFOREST_RESIN,9996,2,9995,30,,,10004,2,10005,30,,,10000,937
-1,49500,KELP,2019,40,,,,,2022,32,,,,,2020.5,228.3984375
-1,49600,RAINFOREST_RESIN,9995,24,,,,,10005,24,,,,,10000,937
-1,49600,KELP,2021,1,2019,24,,,2022,24,,,,,2021.5,220.15625
-1,49700,KELP,2019,28,,,,,2022,28,,,,,2020.5,222.609375
-1,49700,RAINFOREST_RESIN,9998,7,9996,2,9995,26,10004,2,10005,26,,,10001,937
-1,49800,KELP,2019,25,,,,,2020,5,2023,25,,,2019.5,199.5625
-1,49800,RAINFOREST_RESIN,9996,2,9995,23,,,10004,2,10005,23,,,10000,937
-1,49900,RAINFOREST_RESIN,9998,3,9995,23,,,10005,23,,,,,10001.5,937
-1,49900,KELP,2019,23,,,,,2023,23,,,,,2021,205.1171875
-1,50000,RAINFOREST_RESIN,9996,1,9995,20,,,10004,1,10005,20,,,10000,945
-1,50000,KELP,2019,21,,,,,2022,1,2023,20,,,2020.5,210.453125
-1,50100,KELP,2019,24,,,,,2021,2,2022,24,,,2020,216.8984375
-1,50100,RAINFOREST_RESIN,9995,24,,,,,10005,24,,,,,10000,945
-1,50200,KELP,2019,24,,,,,2023,24,,,,,2021,201.75
-1,50200,RAINFOREST_RESIN,9995,24,,,,,10005,24,,,,,10000,945
-1,50300,RAINFOREST_RESIN,9995,30,,,,,10002,10,10005,30,,,9998.5,945
-1,50300,KELP,2019,30,,,,,2023,30,,,,,2021,197.1015625
-1,50400,RAINFOREST_RESIN,9998,4,9996,1,9995,22,10000,2,10004,1,10005,22,9999,945
-1,50400,KELP,2019,23,,,,,2021,3,2023,23,,,2020,198.046875
-1,50500,KELP,2019,25,,,,,2023,25,,,,,2021,199.7578125
-1,50500,RAINFOREST_RESIN,9996,2,9995,23,,,10004,2,10005,23,,,10000,945
-1,50600,KELP,2019,21,,,,,2020,6,2023,23,,,2019.5,195.8828125
-1,50600,RAINFOREST_RESIN,10002,1,9996,2,9995,21,10004,2,10005,21,,,10003,945
-1,50700,RAINFOREST_RESIN,9996,2,9995,22,,,10004,2,10005,22,,,10000,950
-1,50700,KELP,2020,24,,,,,2023,24,,,,,2021.5,192.21875
-1,50800,RAINFOREST_RESIN,10002,5,9996,2,9995,22,10004,2,10005,22,,,10003,950
-1,50800,KELP,2022,1,2020,24,,,2023,24,,,,,2022.5,185.21875
-1,50900,KELP,2020,28,,,,,2022,4,2023,28,,,2021,182.0625
-1,50900,RAINFOREST_RESIN,9996,1,9995,27,,,10004,1,10005,27,,,10000,960
-1,51000,KELP,2020,28,,,,,2023,28,,,,,2021.5,186.5390625
-1,51000,RAINFOREST_RESIN,9996,2,9995,26,,,10004,2,10005,26,,,10000,960
-1,51100,RAINFOREST_RESIN,9998,6,9996,1,9995,25,10004,1,10005,25,,,10001,960
-1,51100,KELP,2020,26,,,,,2023,26,,,,,2021.5,176.9609375
-1,51200,RAINFOREST_RESIN,9996,2,9995,28,,,10004,2,10005,28,,,10000,960
-1,51200,KELP,2020,30,,,,,2023,30,,,,,2021.5,183.109375
-1,51300,KELP,2020,25,,,,,2023,25,,,,,2021.5,165.65625
-1,51300,RAINFOREST_RESIN,9996,1,9995,24,,,10004,1,10005,24,,,10000,960
-1,51400,KELP,2020,30,,,,,2023,30,,,,,2021.5,175.734375
-1,51400,RAINFOREST_RESIN,9995,30,,,,,10002,3,10005,30,,,9998.5,960
-1,51500,RAINFOREST_RESIN,9995,30,,,,,10005,30,,,,,10000,960
-1,51500,KELP,2022,1,2020,30,,,2023,30,,,,,2022.5,176.890625
-1,51600,RAINFOREST_RESIN,10000,5,9996,2,9995,22,10002,1,10004,2,10005,22,10001,960
-1,51600,KELP,2021,5,2020,24,,,2023,24,,,,,2022,174.4296875
-1,51700,KELP,2020,16,,,,,2023,20,,,,,2021.5,182.0625
-1,51700,RAINFOREST_RESIN,9995,20,,,,,10005,20,,,,,10000,962
-1,51800,KELP,2020,1,2019,24,,,2023,25,,,,,2021.5,192.75
-1,51800,RAINFOREST_RESIN,9996,1,9995,24,,,10004,1,10005,24,,,10000,1006
-1,51900,RAINFOREST_RESIN,9996,1,9995,23,,,10004,1,10005,23,,,10000,1006
-1,51900,KELP,2021,4,2019,24,,,2023,24,,,,,2022,202.3984375
-1,52000,RAINFOREST_RESIN,9998,3,9995,29,,,10005,29,,,,,10001.5,1021
-1,52000,KELP,2019,29,,,,,2021,6,2023,29,,,2020,196.859375
-1,52100,KELP,2019,21,,,,,2023,21,,,,,2021,195.84375
-1,52100,RAINFOREST_RESIN,9995,21,,,,,10005,21,,,,,10000,1021
-1,52200,KELP,2019,31,,,,,2023,31,,,,,2021,204.421875
-1,52200,RAINFOREST_RESIN,9996,2,9995,29,,,10004,2,10005,29,,,10000,1053
-1,52300,RAINFOREST_RESIN,10002,1,9996,1,9995,27,10004,1,10005,27,,,10003,1053
-1,52300,KELP,2022,1,2019,28,,,2023,28,,,,,2022.5,199.4609375
-1,52400,RAINFOREST_RESIN,9998,3,9996,1,9995,29,10004,1,10005,29,,,10001,1055
-1,52400,KELP,2020,30,,,,,2023,30,,,,,2021.5,177.5703125
-1,52500,KELP,2022,1,2020,28,,,2023,28,,,,,2022.5,180.3125
-1,52500,RAINFOREST_RESIN,9996,1,9995,27,,,9998,1,10004,1,10005,27,9997,1055
-1,52600,RAINFOREST_RESIN,9998,1,9996,1,9995,22,10000,4,10004,1,10005,22,9999,1057
-1,52600,KELP,2020,1,2019,22,,,2021,4,2023,23,,,2020.5,197.34375
-1,52700,KELP,2019,26,,,,,2023,27,,,,,2021,205.03125
-1,52700,RAINFOREST_RESIN,9996,2,9995,25,,,10004,2,10005,25,,,10000,1057
-1,52800,RAINFOREST_RESIN,9995,26,,,,,10005,26,,,,,10000,1057
-1,52800,KELP,2019,26,,,,,2023,26,,,,,2021,192.7578125
-1,52900,KELP,2020,30,,,,,2023,30,,,,,2021.5,191.125
-1,52900,RAINFOREST_RESIN,9995,30,,,,,10005,30,,,,,10000,1057
-1,53000,RAINFOREST_RESIN,10002,1,9996,1,9995,20,10004,1,10005,20,,,10003,1081
-1,53000,KELP,2020,21,,,,,2023,21,,,,,2021.5,183.109375
-1,53100,KELP,2019,24,,,,,2023,24,,,,,2021,200.6328125
-1,53100,RAINFOREST_RESIN,9995,24,,,,,10005,24,,,,,10000,1083
-1,53200,RAINFOREST_RESIN,9996,1,9995,30,,,10004,1,10005,30,,,10000,1083
-1,53200,KELP,2022,1,2019,31,,,2023,31,,,,,2022.5,198.4140625
-1,53300,KELP,2020,29,,,,,2023,29,,,,,2021.5,190.6875
-1,53300,RAINFOREST_RESIN,9995,29,,,,,10005,29,,,,,10000,1083
-1,53400,RAINFOREST_RESIN,9998,6,9996,2,9995,23,10004,2,10005,23,,,10001,1083
-1,53400,KELP,2020,25,,,,,2023,25,,,,,2021.5,179.546875
-1,53500,KELP,2020,23,,,,,2023,23,,,,,2021.5,185.40625
-1,53500,RAINFOREST_RESIN,9996,2,9995,21,,,10002,1,10004,2,10005,21,9999,1083
-1,53600,RAINFOREST_RESIN,9995,24,,,,,9998,9,10005,24,,,9996.5,1083
-1,53600,KELP,2020,24,,,,,2023,24,,,,,2021.5,191.3515625
-1,53700,KELP,2019,30,,,,,2023,30,,,,,2021,197.171875
-1,53700,RAINFOREST_RESIN,9998,1,9995,30,,,10005,30,,,,,10001.5,1101
-1,53800,RAINFOREST_RESIN,10002,3,9995,30,,,10005,30,,,,,10003.5,1101
-1,53800,KELP,2019,30,,,,,2023,30,,,,,2021,198.2109375
-1,53900,KELP,2019,27,,,,,2023,27,,,,,2021,201.2265625
-1,53900,RAINFOREST_RESIN,9996,2,9995,25,,,10004,2,10005,25,,,10000,1107
-1,54000,RAINFOREST_RESIN,9998,6,9996,1,9995,30,10004,1,10005,30,,,10001,1113
-1,54000,KELP,2020,31,,,,,2022,1,2023,31,,,2021,183.3671875
-1,54100,KELP,2020,24,,,,,2022,2,2023,24,,,2021,185.3515625
-1,54100,RAINFOREST_RESIN,9998,2,9996,2,9995,22,10004,2,10005,22,,,10001,1113
-1,54200,RAINFOREST_RESIN,9995,28,,,,,10005,28,,,,,10000,1114
-1,54200,KELP,2020,28,,,,,2023,28,,,,,2021.5,186.75
-1,54300,KELP,2022,1,2019,25,,,2023,25,,,,,2022.5,203.40625
-1,54300,RAINFOREST_RESIN,9996,2,9995,23,,,10004,2,10005,23,,,10000,1114
-1,54400,RAINFOREST_RESIN,9995,29,,,,,10005,29,,,,,10000,1126
-1,54400,KELP,2019,29,,,,,2022,29,,,,,2020.5,214.9921875
-1,54500,KELP,2019,21,,,,,2022,21,,,,,2020.5,219.8046875
-1,54500,RAINFOREST_RESIN,9996,1,9995,20,,,10004,1,10005,20,,,10000,1126
-1,54600,RAINFOREST_RESIN,10002,3,9995,27,,,10005,27,,,,,10003.5,1126
-1,54600,KELP,2019,27,,,,,2023,27,,,,,2021,213.3046875
-1,54700,KELP,2019,29,,,,,2020,4,2022,29,,,2019.5,215.203125
-1,54700,RAINFOREST_RESIN,9996,2,9995,27,,,10004,2,10005,27,,,10000,1132
-1,54800,RAINFOREST_RESIN,9998,8,9995,27,,,10005,27,,,,,10001.5,1132
-1,54800,KELP,2019,27,,,,,2021,1,2022,27,,,2020,216.8984375
-1,54900,KELP,2019,29,,,,,2022,29,,,,,2020.5,219.5
-1,54900,RAINFOREST_RESIN,9996,1,9995,28,,,10002,3,10004,1,10005,28,9999,1132
-1,55000,RAINFOREST_RESIN,9996,2,9995,28,,,10002,8,10004,2,10005,28,9999,1132
-1,55000,KELP,2019,36,,,,,2022,30,,,,,2020.5,230.6640625
-1,55100,KELP,2019,37,,,,,2022,29,,,,,2020.5,238.3125
-1,55100,RAINFOREST_RESIN,9995,29,,,,,10005,29,,,,,10000,1132
-1,55200,RAINFOREST_RESIN,9996,2,9995,21,,,10004,2,10005,21,,,10000,1140
-1,55200,KELP,2018,21,,,,,2019,3,2020,8,2022,23,2018.5,244.9765625
-1,55300,RAINFOREST_RESIN,9996,2,9995,27,,,9998,1,10002,2,10004,2,9997,1140
-1,55300,KELP,2018,29,,,,,2022,29,,,,,2020,252.7734375
-1,55400,RAINFOREST_RESIN,9998,3,9996,1,9995,21,10004,1,10005,21,,,10001,1142
-1,55400,KELP,2019,2,2018,22,,,2022,22,,,,,2020.5,251.3359375
-1,55500,KELP,2021,1,2019,4,2018,25,2022,25,,,,,2021.5,247.828125
-1,55500,RAINFOREST_RESIN,9995,25,,,,,10002,9,10005,25,,,9998.5,1142
-1,55600,KELP,2019,3,2018,26,,,2022,26,,,,,2020.5,251.0390625
-1,55600,RAINFOREST_RESIN,9995,26,,,,,10005,26,,,,,10000,1142
-1,55700,RAINFOREST_RESIN,9996,2,9995,21,,,10004,2,10005,21,,,10000,1142
-1,55700,KELP,2019,25,,,,,2022,23,,,,,2020.5,246.71875
-1,55800,RAINFOREST_RESIN,9998,6,9996,1,9995,26,10004,1,10005,26,,,10001,1145
-1,55800,KELP,2018,27,,,,,2022,27,,,,,2020,252.0703125
-1,55900,KELP,2018,22,,,,,2022,22,,,,,2020,261.046875
-1,55900,RAINFOREST_RESIN,9995,22,,,,,10005,22,,,,,10000,1145
-1,56000,KELP,2018,24,,,,,2019,3,2021,2,2022,22,2018.5,265.359375
-1,56000,RAINFOREST_RESIN,9996,2,9995,22,,,10002,10,10004,2,10005,22,9999,1145
-1,56100,RAINFOREST_RESIN,9996,2,9995,20,,,10004,2,10005,20,,,10000,1145
-1,56100,KELP,2019,22,,,,,2022,22,,,,,2020.5,241.140625
-1,56200,RAINFOREST_RESIN,9996,1,9995,29,,,10004,1,10005,29,,,10000,1145
-1,56200,KELP,2020,2,2018,30,,,2022,30,,,,,2021,252.109375
-1,56300,KELP,2019,6,2018,27,,,2022,27,,,,,2020.5,253.3671875
-1,56300,RAINFOREST_RESIN,10002,1,9996,2,9995,25,10004,2,10005,25,,,10003,1145
-1,56400,KELP,2018,31,,,,,2022,31,,,,,2020,255.3515625
-1,56400,RAINFOREST_RESIN,9996,1,9995,30,,,10004,1,10005,30,,,10000,1147
-1,56500,RAINFOREST_RESIN,9996,2,9995,27,,,10004,2,10005,27,,,10000,1147
-1,56500,KELP,2018,29,,,,,2022,29,,,,,2020,256.7421875
-1,56600,RAINFOREST_RESIN,9996,2,9995,29,,,10002,4,10004,2,10005,29,9999,1147
-1,56600,KELP,2019,2,2018,29,,,2022,31,,,,,2020.5,249.5546875
-1,56700,KELP,2020,6,2018,26,,,2022,26,,,,,2021,259.1796875
-1,56700,RAINFOREST_RESIN,9998,3,9996,2,9995,24,10000,2,10004,2,10005,24,9999,1147
-1,56800,KELP,2018,24,,,,,2021,2,2022,22,,,2019.5,264.203125
-1,56800,RAINFOREST_RESIN,10002,1,9998,10,9996,2,10004,2,10005,22,,,10003,1147
-1,56900,RAINFOREST_RESIN,9996,2,9995,20,,,10004,2,10005,20,,,10000,1149
-1,56900,KELP,2018,24,,,,,2021,22,,,,,2019.5,275.65625
-1,57000,RAINFOREST_RESIN,9996,1,9995,27,,,10004,1,10005,27,,,10000,1149
-1,57000,KELP,2018,28,,,,,2020,8,2021,28,,,2019,291.609375
-1,57100,KELP,2017,27,,,,,2020,27,,,,,2018.5,317.046875
-1,57100,RAINFOREST_RESIN,9996,2,9995,25,,,10004,2,10005,25,,,10000,1149
-1,57200,KELP,2019,1,2017,27,,,2020,27,,,,,2019.5,324.5546875
-1,57200,RAINFOREST_RESIN,10002,2,9996,1,9995,26,10004,1,10005,26,,,10003,1149
-1,57300,RAINFOREST_RESIN,9996,1,9995,26,,,10002,9,10004,1,10005,26,9999,1153
-1,57300,KELP,2017,27,,,,,2020,27,,,,,2018.5,319.65625
-1,57400,RAINFOREST_RESIN,9995,24,,,,,10005,24,,,,,10000,1153
-1,57400,KELP,2017,24,,,,,2019,2,2020,24,,,2018,324.1640625
-1,57500,KELP,2019,5,2017,30,,,2020,25,,,,,2019.5,323.3828125
-1,57500,RAINFOREST_RESIN,9998,5,9996,2,9995,23,10004,2,10005,23,,,10001,1153
-1,57600,KELP,2017,24,,,,,2020,24,,,,,2018.5,320.34375
-1,57600,RAINFOREST_RESIN,9995,24,,,,,10005,24,,,,,10000,1153
-1,57700,RAINFOREST_RESIN,9995,29,,,,,10005,29,,,,,10000,1153
-1,57700,KELP,2017,29,,,,,2020,29,,,,,2018.5,321.140625
-1,57800,RAINFOREST_RESIN,9998,1,9996,2,9995,29,10004,2,10005,29,,,10001,1153
-1,57800,KELP,2017,31,,,,,2020,2,2021,29,,,2018.5,310.8359375
-1,57900,KELP,2017,27,,,,,2018,6,2019,5,2020,2,2017.5,314.4140625
-1,57900,RAINFOREST_RESIN,9996,2,9995,25,,,9998,1,10000,6,10004,2,9997,1153
-1,58000,KELP,2017,29,,,,,2020,1,2021,24,,,2018.5,315.109375
-1,58000,RAINFOREST_RESIN,9996,1,9995,24,,,9998,4,10004,1,10005,24,9997,1155
-1,58100,RAINFOREST_RESIN,9995,23,,,,,10005,23,,,,,10000,1163
-1,58100,KELP,2017,23,,,,,2020,23,,,,,2018.5,330.484375
-1,58200,RAINFOREST_RESIN,9996,1,9995,30,,,10004,1,10005,30,,,10000,1175
-1,58200,KELP,2017,31,,,,,2020,31,,,,,2018.5,327.359375
-1,58300,KELP,2017,29,,,,,2020,29,,,,,2018.5,329.78125
-1,58300,RAINFOREST_RESIN,9995,29,,,,,10005,29,,,,,10000,1175
-1,58400,KELP,2016,23,,,,,2018,1,2019,23,,,2017,384.5625
-1,58400,RAINFOREST_RESIN,9996,2,9995,21,,,10004,2,10005,21,,,10000,1175
-1,58500,RAINFOREST_RESIN,9995,21,,,,,10002,1,10005,21,,,9998.5,1175
-1,58500,KELP,2016,21,,,,,2019,21,,,,,2017.5,396.7421875
-1,58600,RAINFOREST_RESIN,10002,1,9995,25,,,10005,25,,,,,10003.5,1175
-1,58600,KELP,2015,25,,,,,2017,7,2019,25,,,2016,405.7265625
-1,58700,KELP,2015,34,,,,,2018,32,,,,,2016.5,415.125
-1,58700,RAINFOREST_RESIN,9996,2,9995,30,,,10004,2,10005,30,,,10000,1177
-1,58800,KELP,2015,29,,,,,2019,29,,,,,2017,406.78125
-1,58800,RAINFOREST_RESIN,9995,29,,,,,10002,1,10005,29,,,9998.5,1177
-1,58900,RAINFOREST_RESIN,9996,1,9995,24,,,10004,1,10005,24,,,10000,1225
-1,58900,KELP,2015,25,,,,,2019,25,,,,,2017,401.6953125
-1,59000,RAINFOREST_RESIN,9996,2,9995,20,,,10004,2,10005,20,,,10000,1225
-1,59000,KELP,2016,22,,,,,2019,22,,,,,2017.5,391.8046875
-1,59100,KELP,2016,34,,,,,2019,27,,,,,2017.5,383.7109375
-1,59100,RAINFOREST_RESIN,9995,27,,,,,10005,27,,,,,10000,1225
-1,59200,KELP,2016,31,,,,,2020,31,,,,,2018,367.40625
-1,59200,RAINFOREST_RESIN,9998,4,9996,2,9995,29,10004,2,10005,29,,,10001,1229
-1,59300,RAINFOREST_RESIN,9996,1,9995,26,,,10004,1,10005,26,,,10000,1229
-1,59300,KELP,2016,26,,,,,2018,2,2019,27,,,2017,382.890625
-1,59400,RAINFOREST_RESIN,9996,1,9995,21,,,10004,1,10005,21,,,10000,1229
-1,59400,KELP,2015,22,,,,,2019,22,,,,,2017,402.984375
-1,59500,KELP,2015,23,,,,,2019,23,,,,,2017,399.640625
-1,59500,RAINFOREST_RESIN,10002,5,9995,23,,,10005,23,,,,,10003.5,1229
-1,59600,KELP,2016,29,,,,,2019,29,,,,,2017.5,395.4375
-1,59600,RAINFOREST_RESIN,9996,2,9995,27,,,10004,2,10005,27,,,10000,1239
-1,59700,RAINFOREST_RESIN,9995,21,,,,,10005,21,,,,,10000,1239
-1,59700,KELP,2015,21,,,,,2018,21,,,,,2016.5,425.5703125
-1,59800,RAINFOREST_RESIN,9996,1,9995,24,,,10004,1,10005,24,,,10000,1239
-1,59800,KELP,2015,25,,,,,2018,25,,,,,2016.5,421.40625
-1,59900,KELP,2015,24,,,,,2018,24,,,,,2016.5,425.8515625
-1,59900,RAINFOREST_RESIN,9996,1,9995,23,,,10002,6,10004,1,10005,23,9999,1239
-1,60000,KELP,2015,22,,,,,2018,22,,,,,2016.5,422.203125
-1,60000,RAINFOREST_RESIN,9998,3,9995,22,,,10005,22,,,,,10001.5,1239
-1,60100,RAINFOREST_RESIN,9996,2,9995,25,,,10004,2,10005,25,,,10000,1245
-1,60100,KELP,2015,27,,,,,2018,27,,,,,2016.5,425.5859375
-1,60200,RAINFOREST_RESIN,9995,25,,,,,10005,25,,,,,10000,1245
-1,60200,KELP,2016,3,2015,25,,,2018,25,,,,,2017,434.046875
-1,60300,KELP,2015,28,,,,,2018,28,,,,,2016.5,435.109375
-1,60300,RAINFOREST_RESIN,9996,1,9995,27,,,10004,1,10005,27,,,10000,1277
-1,60400,KELP,2015,1,2014,20,,,2018,21,,,,,2016.5,438.5625
-1,60400,RAINFOREST_RESIN,9996,1,9995,20,,,9998,1,10004,1,10005,20,9997,1277
-1,60500,RAINFOREST_RESIN,9996,1,9995,23,,,10004,1,10005,23,,,10000,1279
-1,60500,KELP,2015,24,,,,,2018,24,,,,,2016.5,419.1640625
-1,60600,RAINFOREST_RESIN,9996,2,9995,22,,,10004,2,10005,22,,,10000,1279
-1,60600,KELP,2015,26,,,,,2018,24,,,,,2016.5,420.2265625
-1,60700,KELP,2015,22,,,,,2017,5,2018,22,,,2016,420.515625
-1,60700,RAINFOREST_RESIN,9995,22,,,,,10005,22,,,,,10000,1279
-1,60800,KELP,2015,31,,,,,2018,32,,,,,2016.5,420.0078125
-1,60800,RAINFOREST_RESIN,10002,10,9996,2,9995,30,10004,2,10005,30,,,10003,1279
-1,60900,RAINFOREST_RESIN,9996,2,9995,29,,,10004,2,10005,29,,,10000,1299
-1,60900,KELP,2015,28,,,,,2017,4,2018,31,,,2016,428.7421875
-1,61000,RAINFOREST_RESIN,9995,28,,,,,10005,28,,,,,10000,1299
-1,61000,KELP,2015,28,,,,,2018,28,,,,,2016.5,423.9140625
-1,61100,KELP,2015,29,,,,,2017,3,2018,29,,,2016,434.6328125
-1,61100,RAINFOREST_RESIN,9995,29,,,,,10005,29,,,,,10000,1299
-1,61200,KELP,2015,22,,,,,2016,2,2018,22,,,2015.5,425.53125
-1,61200,RAINFOREST_RESIN,9998,9,9996,1,9995,21,10000,2,10004,1,10005,21,9999,1299
-1,61300,RAINFOREST_RESIN,9996,1,9995,22,,,10004,1,10005,22,,,10000,1299
-1,61300,KELP,2015,23,,,,,2018,23,,,,,2016.5,415.71875
-1,61400,RAINFOREST_RESIN,9996,1,9995,30,,,10004,1,10005,30,,,10000,1299
-1,61400,KELP,2015,31,,,,,2018,1,2019,30,,,2016.5,412.046875
-1,61500,KELP,2015,29,,,,,2018,29,,,,,2016.5,426.390625
-1,61500,RAINFOREST_RESIN,9996,2,9995,27,,,10004,2,10005,27,,,10000,1299
-1,61600,RAINFOREST_RESIN,9996,2,9995,28,,,10004,2,10005,28,,,10000,1299
-1,61600,KELP,2015,30,,,,,2017,5,2018,30,,,2016,434.25
-1,61700,KELP,2014,26,,,,,2016,7,2017,27,,,2015,460.5078125
-1,61700,RAINFOREST_RESIN,9996,1,9995,26,,,10004,1,10005,26,,,10000,1299
-1,61800,RAINFOREST_RESIN,9995,20,,,,,10005,20,,,,,10000,1299
-1,61800,KELP,2015,20,,,,,2018,20,,,,,2016.5,432.6875
-1,61900,KELP,2014,26,,,,,2017,26,,,,,2015.5,457.53125
-1,61900,RAINFOREST_RESIN,9995,26,,,,,9998,1,10005,26,,,9996.5,1299
-1,62000,RAINFOREST_RESIN,9995,20,,,,,10005,20,,,,,10000,1309
-1,62000,KELP,2016,1,2014,20,,,2017,20,,,,,2016.5,456.1328125
-1,62100,KELP,2014,25,,,,,2017,25,,,,,2015.5,453.984375
-1,62100,RAINFOREST_RESIN,9996,2,9995,23,,,10004,2,10005,23,,,10000,1309
-1,62200,RAINFOREST_RESIN,9995,25,,,,,10002,3,10005,25,,,9998.5,1309
-1,62200,KELP,2014,25,,,,,2017,25,,,,,2015.5,459.3984375
-1,62300,KELP,2014,22,,,,,2017,22,,,,,2015.5,455.2578125
-1,62300,RAINFOREST_RESIN,9995,22,,,,,10005,22,,,,,10000,1309
-1,62400,RAINFOREST_RESIN,9996,2,9995,23,,,10004,2,10005,23,,,10000,1317
-1,62400,KELP,2014,25,,,,,2016,8,2018,25,,,2015,438.8828125
-1,62500,KELP,2015,3,2014,23,,,2018,24,,,,,2016.5,437.8125
-1,62500,RAINFOREST_RESIN,9996,1,9995,23,,,10004,1,10005,23,,,10000,1317
-1,62600,RAINFOREST_RESIN,9995,29,,,,,10005,29,,,,,10000,1317
-1,62600,KELP,2015,29,,,,,2018,29,,,,,2016.5,419.625
-1,62700,KELP,2015,26,,,,,2018,26,,,,,2016.5,421.21875
-1,62700,RAINFOREST_RESIN,9996,2,9995,24,,,10004,2,10005,24,,,10000,1317
-1,62800,RAINFOREST_RESIN,9995,26,,,,,10005,26,,,,,10000,1317
-1,62800,KELP,2015,25,,,,,2017,1,2019,26,,,2016,406.640625
-1,62900,KELP,2016,29,,,,,2018,1,2019,29,,,2017,385.40625
-1,62900,RAINFOREST_RESIN,9996,2,9995,27,,,9998,4,10004,2,10005,27,9997,1317
-1,63000,RAINFOREST_RESIN,9995,29,,,,,10005,29,,,,,10000,1325
-1,63000,KELP,2016,29,,,,,2018,4,2019,29,,,2017,383.203125
-1,63100,KELP,2016,25,,,,,2020,26,,,,,2018,364.9375
-1,63100,RAINFOREST_RESIN,9996,2,9995,24,,,10004,2,10005,24,,,10000,1325
-1,63200,RAINFOREST_RESIN,9995,28,,,,,10005,28,,,,,10000,1325
-1,63200,KELP,2016,28,,,,,2020,28,,,,,2018,363.515625
-1,63300,KELP,2016,32,,,,,2019,2,2020,30,,,2017.5,368.40625
-1,63300,RAINFOREST_RESIN,9996,2,9995,30,,,10004,2,10005,30,,,10000,1325
-1,63400,RAINFOREST_RESIN,9996,2,9995,24,,,10004,2,10005,24,,,10000,1325
-1,63400,KELP,2018,3,2016,26,,,2020,26,,,,,2019,365.9765625
-1,63500,KELP,2016,22,,,,,2019,20,,,,,2017.5,372.765625
-1,63500,RAINFOREST_RESIN,9998,8,9995,20,,,10005,20,,,,,10001.5,1325
-1,63600,RAINFOREST_RESIN,9995,21,,,,,10005,21,,,,,10000,1325
-1,63600,KELP,2018,1,2016,21,,,2019,21,,,,,2018.5,376.6640625
-1,63700,KELP,2017,8,2016,30,,,2019,2,2020,28,,,2018,369
-1,63700,RAINFOREST_RESIN,9996,2,9995,28,,,10002,6,10004,2,10005,28,9999,1325
-1,63800,RAINFOREST_RESIN,9996,1,9995,21,,,10004,1,10005,21,,,10000,1325
-1,63800,KELP,2016,21,,,,,2018,7,2020,22,,,2017,364.359375
-1,63900,KELP,2016,21,,,,,2018,6,2020,21,,,2017,371.03125
-1,63900,RAINFOREST_RESIN,9995,21,,,,,10005,21,,,,,10000,1325
-1,64000,RAINFOREST_RESIN,9998,6,9995,30,,,10005,30,,,,,10001.5,1373
-1,64000,KELP,2016,30,,,,,2019,30,,,,,2017.5,375.3046875
-1,64100,KELP,2016,27,,,,,2019,27,,,,,2017.5,375.28125
-1,64100,RAINFOREST_RESIN,9995,27,,,,,10002,6,10005,27,,,9998.5,1374
-1,64200,KELP,2015,25,,,,,2018,25,,,,,2016.5,419.765625
-1,64200,RAINFOREST_RESIN,9996,1,9995,24,,,10004,1,10005,24,,,10000,1374
-1,64300,RAINFOREST_RESIN,9998,7,9996,1,9995,22,10004,1,10005,22,,,10001,1383
-1,64300,KELP,2015,23,,,,,2018,23,,,,,2016.5,430.9296875
-1,64400,RAINFOREST_RESIN,9998,8,9996,2,9995,27,10004,2,10005,27,,,10001,1383
-1,64400,KELP,2015,31,,,,,2018,29,,,,,2016.5,428.078125
-1,64500,KELP,2015,29,,,,,2017,6,2018,29,,,2016,423.9296875
-1,64500,RAINFOREST_RESIN,9998,5,9996,2,9995,27,10004,2,10005,27,,,10001,1387
-1,64600,KELP,2015,26,,,,,2018,26,,,,,2016.5,428.453125
-1,64600,RAINFOREST_RESIN,9995,26,,,,,10005,26,,,,,10000,1387
-1,64700,RAINFOREST_RESIN,9995,28,,,,,10005,28,,,,,10000,1387
-1,64700,KELP,2015,28,,,,,2018,28,,,,,2016.5,441.53125
-1,64800,RAINFOREST_RESIN,9996,2,9995,30,,,10004,2,10005,30,,,10000,1387
-1,64800,KELP,2015,2,2014,30,,,2018,32,,,,,2016.5,442.484375
-1,64900,KELP,2015,31,,,,,2017,3,2018,31,,,2016,441.5390625
-1,64900,RAINFOREST_RESIN,9996,2,9995,29,,,10004,2,10005,29,,,10000,1387
-1,65000,KELP,2015,25,,,,,2018,25,,,,,2016.5,427.25
-1,65000,RAINFOREST_RESIN,9995,25,,,,,9998,1,10005,25,,,9996.5,1387
-1,65100,RAINFOREST_RESIN,9996,2,9995,23,,,10004,2,10005,23,,,10000,1389
-1,65100,KELP,2015,25,,,,,2018,25,,,,,2016.5,432.0703125
-1,65200,RAINFOREST_RESIN,9998,8,9995,29,,,10005,29,,,,,10001.5,1395
-1,65200,KELP,2017,1,2015,29,,,2019,29,,,,,2018,408.78125
-1,65300,KELP,2015,21,,,,,2017,2,2018,21,,,2016,424.3125
-1,65300,RAINFOREST_RESIN,9995,21,,,,,10002,3,10005,21,,,9998.5,1395
-1,65400,KELP,2015,28,,,,,2016,3,2018,28,,,2015.5,416.203125
-1,65400,RAINFOREST_RESIN,9996,2,9995,26,,,10000,3,10004,2,10005,26,9998,1397
-1,65500,RAINFOREST_RESIN,9996,2,9995,27,,,10004,2,10005,27,,,10000,1397
-1,65500,KELP,2015,36,,,,,2018,29,,,,,2016.5,426.515625
-1,65600,RAINFOREST_RESIN,9998,5,9995,20,,,10005,20,,,,,10001.5,1397
-1,65600,KELP,2015,20,,,,,2019,20,,,,,2017,410.4453125
-1,65700,KELP,2014,29,,,,,2018,29,,,,,2016,444.203125
-1,65700,RAINFOREST_RESIN,9995,29,,,,,10005,29,,,,,10000,1397
-1,65800,KELP,2015,20,,,,,2017,7,2018,20,,,2016,439.546875
-1,65800,RAINFOREST_RESIN,9998,9,9995,20,,,10005,20,,,,,10001.5,1397
-1,65900,RAINFOREST_RESIN,9996,1,9995,23,,,10004,1,10005,23,,,10000,1397
-1,65900,KELP,2015,29,,,,,2018,24,,,,,2016.5,429.71875
-1,66000,RAINFOREST_RESIN,9998,4,9996,2,9995,22,10004,2,10005,22,,,10001,1397
-1,66000,KELP,2015,24,,,,,2018,24,,,,,2016.5,428.65625
-1,66100,KELP,2015,27,,,,,2018,27,,,,,2016.5,423.109375
-1,66100,RAINFOREST_RESIN,9996,1,9995,26,,,9998,1,10004,1,10005,26,9997,1397
-1,66200,KELP,2016,5,2015,20,,,2019,20,,,,,2017.5,402.6640625
-1,66200,RAINFOREST_RESIN,10002,1,10000,5,9995,20,10005,20,,,,,10003.5,1399
-1,66300,RAINFOREST_RESIN,9996,1,9995,24,,,10004,1,10005,24,,,10000,1401
-1,66300,KELP,2018,1,2016,2,2015,25,2019,25,,,,,2018.5,398.109375
-1,66400,RAINFOREST_RESIN,9995,21,,,,,9998,3,10005,21,,,9996.5,1401
-1,66400,KELP,2015,21,,,,,2019,21,,,,,2017,393.625
-1,66500,KELP,2015,22,,,,,2019,22,,,,,2017,396.671875
-1,66500,RAINFOREST_RESIN,9996,2,9995,20,,,10004,2,10005,20,,,10000,1405
-1,66600,KELP,2015,22,,,,,2017,3,2019,22,,,2016,408.28125
-1,66600,RAINFOREST_RESIN,9995,22,,,,,10005,22,,,,,10000,1405
-1,66700,RAINFOREST_RESIN,9998,9,9995,27,,,10005,27,,,,,10001.5,1405
-1,66700,KELP,2014,27,,,,,2018,27,,,,,2016,452.6640625
-1,66800,RAINFOREST_RESIN,9995,30,,,,,10005,30,,,,,10000,1405
-1,66800,KELP,2014,30,,,,,2018,30,,,,,2016,447.734375
-1,66900,KELP,2017,1,2015,4,2014,23,2018,23,,,,,2017.5,445.2109375
-1,66900,RAINFOREST_RESIN,9998,4,9995,23,,,10005,23,,,,,10001.5,1405
-1,67000,KELP,2015,25,,,,,2018,25,,,,,2016.5,436.546875
-1,67000,RAINFOREST_RESIN,9996,1,9995,24,,,10004,1,10005,24,,,10000,1405
-1,67100,RAINFOREST_RESIN,9995,23,,,,,10005,23,,,,,10000,1405
-1,67100,KELP,2015,23,,,,,2018,23,,,,,2016.5,440.125
-1,67200,RAINFOREST_RESIN,9996,2,9995,20,,,10002,3,10004,2,10005,20,9999,1405
-1,67200,KELP,2015,21,,,,,2018,22,,,,,2016.5,430.296875
-1,67300,KELP,2015,31,,,,,2018,30,,,,,2016.5,427.6875
-1,67300,RAINFOREST_RESIN,9995,30,,,,,9998,3,10005,30,,,9996.5,1405
-1,67400,KELP,2015,26,,,,,2018,26,,,,,2016.5,413
-1,67400,RAINFOREST_RESIN,9998,4,9996,1,9995,25,10004,1,10005,25,,,10001,1405
-1,67500,RAINFOREST_RESIN,9995,21,,,,,10005,21,,,,,10000,1405
-1,67500,KELP,2015,20,,,,,2018,21,,,,,2016.5,417.0234375
-1,67600,RAINFOREST_RESIN,9996,2,9995,25,,,10004,2,10005,25,,,10000,1405
-1,67600,KELP,2015,27,,,,,2018,27,,,,,2016.5,419.6171875
-1,67700,KELP,2015,33,,,,,2018,30,,,,,2016.5,415.578125
-1,67700,RAINFOREST_RESIN,9996,1,9995,29,,,10004,1,10005,29,,,10000,1405
-1,67800,KELP,2015,38,,,,,2018,30,,,,,2016.5,433.0703125
-1,67800,RAINFOREST_RESIN,9998,3,9995,30,,,10005,30,,,,,10001.5,1405
-1,67900,RAINFOREST_RESIN,9995,25,,,,,10005,25,,,,,10000,1405
-1,67900,KELP,2015,25,,,,,2018,25,,,,,2016.5,417.4140625
-1,68000,RAINFOREST_RESIN,9996,2,9995,21,,,10004,2,10005,21,,,10000,1405
-1,68000,KELP,2015,23,,,,,2018,23,,,,,2016.5,415.375
-1,68100,KELP,2015,31,,,,,2017,4,2018,31,,,2016,439.8203125
-1,68100,RAINFOREST_RESIN,9996,2,9995,29,,,10004,2,10005,29,,,10000,1405
-1,68200,KELP,2017,1,2015,31,,,2018,31,,,,,2017.5,428.2109375
-1,68200,RAINFOREST_RESIN,9996,2,9995,29,,,10004,2,10005,29,,,10000,1405
-1,68300,RAINFOREST_RESIN,9996,1,9995,28,,,10004,1,10005,28,,,10000,1405
-1,68300,KELP,2017,1,2015,29,,,2018,29,,,,,2017.5,433.9765625
-1,68400,RAINFOREST_RESIN,9996,2,9995,26,,,10004,2,10005,26,,,10000,1405
-1,68400,KELP,2015,28,,,,,2018,28,,,,,2016.5,426.375
-1,68500,KELP,2015,23,,,,,2018,23,,,,,2016.5,422.1015625
-1,68500,RAINFOREST_RESIN,9995,23,,,,,10002,5,10005,23,,,9998.5,1405
-1,68600,KELP,2015,24,,,,,2018,25,,,,,2016.5,423.890625
-1,68600,RAINFOREST_RESIN,9996,1,9995,24,,,10004,1,10005,24,,,10000,1405
-1,68700,RAINFOREST_RESIN,9996,1,9995,27,,,10004,1,10005,27,,,10000,1405
-1,68700,KELP,2015,28,,,,,2018,28,,,,,2016.5,415.4296875
-1,68800,RAINFOREST_RESIN,9995,22,,,,,9998,1,10005,22,,,9996.5,1405
-1,68800,KELP,2015,22,,,,,2018,22,,,,,2016.5,421.59375
-1,68900,KELP,2017,1,2015,28,,,2018,28,,,,,2017.5,441.4453125
-1,68900,RAINFOREST_RESIN,9996,1,9995,27,,,10004,1,10005,27,,,10000,1405
-1,69000,KELP,2015,30,,,,,2018,30,,,,,2016.5,419.4609375
-1,69000,RAINFOREST_RESIN,9996,2,9995,28,,,10004,2,10005,28,,,10000,1405
-1,69100,RAINFOREST_RESIN,9998,9,9996,1,9995,30,10004,1,10005,30,,,10001,1405
-1,69100,KELP,2015,30,,,,,2018,31,,,,,2016.5,429.140625
-1,69200,RAINFOREST_RESIN,9996,2,9995,28,,,10004,2,10005,28,,,10000,1405
-1,69200,KELP,2017,3,2015,30,,,2018,30,,,,,2017.5,431.109375
-1,69300,KELP,2017,1,2015,21,,,2018,21,,,,,2017.5,433.703125
-1,69300,RAINFOREST_RESIN,9995,21,,,,,9998,1,10005,21,,,9996.5,1405
-1,69400,KELP,2015,26,,,,,2018,26,,,,,2016.5,431.6875
-1,69400,RAINFOREST_RESIN,10002,1,9998,2,9996,1,10004,1,10005,25,,,10003,1405
-1,69500,RAINFOREST_RESIN,9998,1,9996,2,9995,24,10004,2,10005,24,,,10001,1407
-1,69500,KELP,2015,32,,,,,2018,26,,,,,2016.5,429.71875
-1,69600,RAINFOREST_RESIN,9995,23,,,,,10005,23,,,,,10000,1407
-1,69600,KELP,2015,22,,,,,2018,23,,,,,2016.5,430.234375
-1,69700,KELP,2015,21,,,,,2018,21,,,,,2016.5,430.1875
-1,69700,RAINFOREST_RESIN,10002,1,9996,1,9995,20,10004,1,10005,20,,,10003,1407
-1,69800,KELP,2015,24,,,,,2018,24,,,,,2016.5,417.1953125
-1,69800,RAINFOREST_RESIN,9996,1,9995,23,,,10004,1,10005,23,,,10000,1412
-1,69900,RAINFOREST_RESIN,9996,2,9995,27,,,10004,2,10005,27,,,10000,1412
-1,69900,KELP,2015,29,,,,,2018,29,,,,,2016.5,418.8046875
-1,70000,RAINFOREST_RESIN,9996,2,9995,27,,,10004,2,10005,27,,,10000,1412
-1,70000,KELP,2015,29,,,,,2018,29,,,,,2016.5,425.5078125
-1,70100,KELP,2015,23,,,,,2018,2,2019,22,,,2016.5,409.140625
-1,70100,RAINFOREST_RESIN,9996,2,9995,22,,,10004,2,10005,22,,,10000,1412
-1,70200,KELP,2015,22,,,,,2018,22,,,,,2016.5,419.15625
-1,70200,RAINFOREST_RESIN,9996,1,9995,21,,,10004,1,10005,21,,,10000,1412
-1,70300,RAINFOREST_RESIN,9996,1,9995,25,,,9998,2,10004,1,10005,25,9997,1412
-1,70300,KELP,2015,26,,,,,2018,26,,,,,2016.5,432.59375
-1,70400,RAINFOREST_RESIN,9995,26,,,,,10005,26,,,,,10000,1414
-1,70400,KELP,2015,26,,,,,2017,6,2018,26,,,2016,440.5625
-1,70500,KELP,2015,23,,,,,2016,3,2017,3,2018,23,2015.5,430.3359375
-1,70500,RAINFOREST_RESIN,9995,23,,,,,10000,3,10005,23,,,9997.5,1414
-1,70600,RAINFOREST_RESIN,9996,1,9995,27,,,10004,1,10005,27,,,10000,1414
-1,70600,KELP,2015,34,,,,,2018,28,,,,,2016.5,413.8515625
-1,70700,KELP,2015,26,,,,,2018,26,,,,,2016.5,433.78125
-1,70700,RAINFOREST_RESIN,9995,26,,,,,10005,26,,,,,10000,1414
-1,70800,RAINFOREST_RESIN,10002,1,9995,27,,,10005,27,,,,,10003.5,1414
-1,70800,KELP,2015,26,,,,,2018,27,,,,,2016.5,426.8203125
-1,70900,KELP,2015,32,,,,,2018,32,,,,,2016.5,425.7578125
-1,70900,RAINFOREST_RESIN,9996,2,9995,30,,,10004,2,10005,30,,,10000,1416
-1,71000,RAINFOREST_RESIN,9996,1,9995,29,,,10002,5,10004,1,10005,29,9999,1416
-1,71000,KELP,2015,30,,,,,2018,30,,,,,2016.5,427.8203125
-1,71100,KELP,2015,22,,,,,2018,22,,,,,2016.5,426.34375
-1,71100,RAINFOREST_RESIN,9998,9,9996,1,9995,21,10004,1,10005,21,,,10001,1416
-1,71200,RAINFOREST_RESIN,10002,1,9996,1,9995,28,10004,1,10005,28,,,10003,1416
-1,71200,KELP,2015,28,,,,,2018,29,,,,,2016.5,427.9609375
-1,71300,KELP,2015,28,,,,,2017,4,2018,28,,,2016,436.3046875
-1,71300,RAINFOREST_RESIN,9996,2,9995,26,,,10002,4,10004,2,10005,26,9999,1418
-1,71400,RAINFOREST_RESIN,9996,2,9995,24,,,10002,3,10004,2,10005,24,9999,1418
-1,71400,KELP,2015,26,,,,,2018,26,,,,,2016.5,438.9453125
-1,71500,KELP,2015,25,,,,,2018,28,,,,,2016.5,422.6328125
-1,71500,RAINFOREST_RESIN,10002,1,9996,2,9995,26,10004,2,10005,26,,,10003,1418
-1,71600,RAINFOREST_RESIN,9996,1,9995,27,,,9998,3,10004,1,10005,27,9997,1420
-1,71600,KELP,2014,28,,,,,2018,28,,,,,2016,451.8046875
-1,71700,KELP,2014,31,,,,,2016,4,2018,31,,,2015,450.78125
-1,71700,RAINFOREST_RESIN,9996,2,9995,29,,,10004,2,10005,29,,,10000,1426
-1,71800,RAINFOREST_RESIN,10002,1,9996,2,9995,25,10004,2,10005,25,,,10003,1426
-1,71800,KELP,2014,27,,,,,2018,27,,,,,2016,450.3046875
-1,71900,KELP,2014,26,,,,,2018,26,,,,,2016,457.0390625
-1,71900,RAINFOREST_RESIN,10002,1,9996,1,9995,25,10004,1,10005,25,,,10003,1428
-1,72000,RAINFOREST_RESIN,9996,1,9995,20,,,10004,1,10005,20,,,10000,1430
-1,72000,KELP,2015,21,,,,,2017,6,2018,21,,,2016,428.046875
-1,72100,KELP,2014,21,,,,,2016,5,2018,21,,,2015,448.8515625
-1,72100,RAINFOREST_RESIN,9995,21,,,,,10005,21,,,,,10000,1430
-1,72200,RAINFOREST_RESIN,9996,2,9995,29,,,10004,2,10005,29,,,10000,1430
-1,72200,KELP,2016,3,2014,31,,,2018,31,,,,,2017,456.7421875
-1,72300,KELP,2014,23,,,,,2018,23,,,,,2016,447.9140625
-1,72300,RAINFOREST_RESIN,9996,1,9995,22,,,10002,8,10004,1,10005,22,9999,1430
-1,72400,RAINFOREST_RESIN,10002,1,9996,2,9995,20,10004,2,10005,20,,,10003,1430
-1,72400,KELP,2014,22,,,,,2016,6,2018,22,,,2015,454.34375
-1,72500,KELP,2014,34,,,,,2017,27,,,,,2015.5,470.890625
-1,72500,RAINFOREST_RESIN,9996,2,9995,25,,,10004,2,10005,25,,,10000,1432
-1,72600,RAINFOREST_RESIN,9996,2,9995,27,,,10004,2,10005,27,,,10000,1435
-1,72600,KELP,2014,35,,,,,2015,4,2017,29,,,2014.5,465.109375
-1,72700,KELP,2014,23,,,,,2017,23,,,,,2015.5,469.7421875
-1,72700,RAINFOREST_RESIN,9995,23,,,,,10005,23,,,,,10000,1435
-1,72800,RAINFOREST_RESIN,9995,20,,,,,10005,20,,,,,10000,1435
-1,72800,KELP,2014,20,,,,,2017,20,,,,,2015.5,468.25
-1,72900,KELP,2014,24,,,,,2017,24,,,,,2015.5,470.078125
-1,72900,RAINFOREST_RESIN,9998,1,9996,2,9995,22,10004,2,10005,22,,,10001,1435
-1,73000,RAINFOREST_RESIN,9996,1,9995,21,,,10002,7,10004,1,10005,21,9999,1438
-1,73000,KELP,2014,21,,,,,2016,2,2017,22,,,2015,469.7734375
-1,73100,KELP,2014,31,,,,,2017,31,,,,,2015.5,478.1171875
-1,73100,RAINFOREST_RESIN,9996,2,9995,29,,,10002,3,10004,2,10005,29,9999,1438
-1,73200,KELP,2014,21,,,,,2017,21,,,,,2015.5,483.84375
-1,73200,RAINFOREST_RESIN,9995,21,,,,,10005,21,,,,,10000,1438
-1,73300,RAINFOREST_RESIN,9996,1,9995,29,,,10004,1,10005,29,,,10000,1438
-1,73300,KELP,2014,30,,,,,2017,30,,,,,2015.5,489.4296875
-1,73400,RAINFOREST_RESIN,9995,30,,,,,9998,1,10005,30,,,9996.5,1438
-1,73400,KELP,2014,30,,,,,2016,4,2017,30,,,2015,484.8984375
-1,73500,KELP,2014,25,,,,,2017,25,,,,,2015.5,481.3671875
-1,73500,RAINFOREST_RESIN,9996,2,9995,23,,,10004,2,10005,23,,,10000,1440
-1,73600,KELP,2014,25,,,,,2017,25,,,,,2015.5,480.3359375
-1,73600,RAINFOREST_RESIN,9996,1,9995,24,,,10004,1,10005,24,,,10000,1440
-1,73700,RAINFOREST_RESIN,9995,24,,,,,10005,24,,,,,10000,1440
-1,73700,KELP,2014,24,,,,,2017,24,,,,,2015.5,465.0625
-1,73800,RAINFOREST_RESIN,9995,24,,,,,10005,24,,,,,10000,1440
-1,73800,KELP,2014,24,,,,,2016,5,2018,24,,,2015,448.890625
-1,73900,KELP,2015,27,,,,,2018,30,,,,,2016.5,418.390625
-1,73900,RAINFOREST_RESIN,9995,30,,,,,10005,30,,,,,10000,1440
-1,74000,KELP,2015,26,,,,,2017,3,2018,26,,,2016,436.5
-1,74000,RAINFOREST_RESIN,10002,1,9998,10,9996,2,10004,2,10005,24,,,10003,1440
-1,74100,RAINFOREST_RESIN,10000,6,9996,2,9995,30,10004,2,10005,30,,,10002,1442
-1,74100,KELP,2016,6,2015,32,,,2018,32,,,,,2017,436.109375
-1,74200,RAINFOREST_RESIN,9996,2,9995,20,,,10002,6,10004,2,10005,20,9999,1442
-1,74200,KELP,2015,22,,,,,2018,22,,,,,2016.5,432.84375
-1,74300,KELP,2015,5,2014,32,,,2018,32,,,,,2016.5,455.0859375
-1,74300,RAINFOREST_RESIN,9996,2,9995,30,,,10002,6,10004,2,10005,30,9999,1442
-1,74400,KELP,2015,30,,,,,2018,30,,,,,2016.5,433.1796875
-1,74400,RAINFOREST_RESIN,9995,30,,,,,10005,30,,,,,10000,1442
-1,74500,RAINFOREST_RESIN,10000,3,9995,29,,,10005,29,,,,,10002.5,1442
-1,74500,KELP,2016,3,2014,29,,,2018,29,,,,,2017,442.78125
-1,74600,RAINFOREST_RESIN,10002,1,9998,7,9995,29,10005,29,,,,,10003.5,1442
-1,74600,KELP,2014,29,,,,,2018,29,,,,,2016,445.390625
-1,74700,KELP,2014,32,,,,,2018,32,,,,,2016,451.6484375
-1,74700,RAINFOREST_RESIN,9996,2,9995,30,,,10004,2,10005,30,,,10000,1444
-1,74800,KELP,2014,26,,,,,2018,26,,,,,2016,448.6640625
-1,74800,RAINFOREST_RESIN,9998,9,9996,1,9995,25,10004,1,10005,25,,,10001,1444
-1,74900,RAINFOREST_RESIN,10002,1,9996,1,9995,30,10004,1,10005,30,,,10003,1444
-1,74900,KELP,2015,31,,,,,2018,31,,,,,2016.5,440.6640625
-1,75000,RAINFOREST_RESIN,9995,27,,,,,9998,1,10005,27,,,9996.5,1446
-1,75000,KELP,2016,1,2014,27,,,2017,27,,,,,2016.5,468.640625
-1,75100,KELP,2014,30,,,,,2017,30,,,,,2015.5,463.25
-1,75100,RAINFOREST_RESIN,9995,30,,,,,10005,30,,,,,10000,1472
-1,75200,KELP,2016,3,2014,26,,,2017,2,2018,24,,,2016.5,459.0859375
-1,75200,RAINFOREST_RESIN,9998,2,9996,2,9995,24,10004,2,10005,24,,,10001,1472
-1,75300,RAINFOREST_RESIN,9996,1,9995,28,,,10004,1,10005,28,,,10000,1472
-1,75300,KELP,2014,29,,,,,2017,29,,,,,2015.5,465.34375
-1,75400,RAINFOREST_RESIN,9996,1,9995,30,,,10004,1,10005,30,,,10000,1472
-1,75400,KELP,2014,31,,,,,2017,31,,,,,2015.5,472.75
-1,75500,KELP,2014,34,,,,,2017,30,,,,,2015.5,471.796875
-1,75500,RAINFOREST_RESIN,9996,2,9995,28,,,10004,2,10005,28,,,10000,1472
-1,75600,KELP,2014,28,,,,,2017,28,,,,,2015.5,463.3125
-1,75600,RAINFOREST_RESIN,10002,1,9996,2,9995,26,10004,2,10005,26,,,10003,1472
-1,75700,RAINFOREST_RESIN,9996,1,9995,26,,,10004,1,10005,26,,,10000,1474
-1,75700,KELP,2014,27,,,,,2016,3,2017,27,,,2015,468.578125
-1,75800,RAINFOREST_RESIN,9998,5,9996,1,9995,29,10004,1,10005,29,,,10001,1474
-1,75800,KELP,2014,30,,,,,2017,30,,,,,2015.5,462.96875
-1,75900,KELP,2014,21,,,,,2018,21,,,,,2016,456.7421875
-1,75900,RAINFOREST_RESIN,9995,21,,,,,10002,8,10005,21,,,9998.5,1474
-1,76000,KELP,2015,32,,,,,2018,32,,,,,2016.5,430.5
-1,76000,RAINFOREST_RESIN,9998,2,9996,2,9995,30,10004,2,10005,30,,,10001,1474
-1,76100,RAINFOREST_RESIN,9996,1,9995,20,,,9998,1,10004,1,10005,20,9997,1474
-1,76100,KELP,2015,21,,,,,2018,21,,,,,2016.5,439.625
-1,76200,RAINFOREST_RESIN,9996,1,9995,21,,,10004,1,10005,21,,,10000,1476
-1,76200,KELP,2014,22,,,,,2018,22,,,,,2016,449.3046875
-1,76300,KELP,2015,6,2014,27,,,2018,27,,,,,2016.5,455.203125
-1,76300,RAINFOREST_RESIN,9995,27,,,,,10005,27,,,,,10000,1476
-1,76400,KELP,2014,28,,,,,2018,28,,,,,2016,455.3046875
-1,76400,RAINFOREST_RESIN,9998,4,9995,28,,,10005,28,,,,,10001.5,1476
-1,76500,RAINFOREST_RESIN,9996,1,9995,27,,,10004,1,10005,27,,,10000,1476
-1,76500,KELP,2014,7,2013,27,,,2017,28,,,,,2015.5,494.546875
-1,76600,RAINFOREST_RESIN,9996,2,9995,28,,,10004,2,10005,28,,,10000,1476
-1,76600,KELP,2014,30,,,,,2017,30,,,,,2015.5,482.171875
-1,76700,KELP,2014,26,,,,,2016,4,2017,26,,,2015,480.0546875
-1,76700,RAINFOREST_RESIN,9996,1,9995,25,,,10004,1,10005,25,,,10000,1476
-1,76800,KELP,2014,25,,,,,2017,25,,,,,2015.5,488.6796875
-1,76800,RAINFOREST_RESIN,9995,25,,,,,10005,25,,,,,10000,1476
-1,76900,RAINFOREST_RESIN,9998,5,9995,24,,,10005,24,,,,,10001.5,1476
-1,76900,KELP,2013,24,,,,,2014,6,2017,24,,,2013.5,511.5625
-1,77000,RAINFOREST_RESIN,9996,1,9995,26,,,10002,4,10004,1,10005,26,9999,1476
-1,77000,KELP,2013,27,,,,,2016,27,,,,,2014.5,524.15625
-1,77100,KELP,2015,2,2014,3,2013,30,2016,30,,,,,2015.5,527.859375
-1,77100,RAINFOREST_RESIN,10000,3,9998,9,9996,1,10004,1,10005,29,,,10002,1478
-1,77200,KELP,2012,28,,,,,2014,7,2016,28,,,2013,557.5625
-1,77200,RAINFOREST_RESIN,9996,1,9995,27,,,10004,1,10005,27,,,10000,1478
-1,77300,RAINFOREST_RESIN,9996,2,9995,22,,,10004,2,10005,22,,,10000,1478
-1,77300,KELP,2012,24,,,,,2015,24,,,,,2013.5,576.0078125
-1,77400,RAINFOREST_RESIN,9995,30,,,,,10002,2,10005,30,,,9998.5,1478
-1,77400,KELP,2012,30,,,,,2016,30,,,,,2014,570.765625
-1,77500,KELP,2012,30,,,,,2015,30,,,,,2013.5,584.3828125
-1,77500,RAINFOREST_RESIN,9996,2,9995,28,,,10004,2,10005,28,,,10000,1478
-1,77600,KELP,2012,30,,,,,2015,27,,,,,2013.5,576.0625
-1,77600,RAINFOREST_RESIN,9996,2,9995,25,,,10004,2,10005,25,,,10000,1478
-1,77700,RAINFOREST_RESIN,9995,26,,,,,10005,26,,,,,10000,1478
-1,77700,KELP,2013,26,,,,,2016,26,,,,,2014.5,550.359375
-1,77800,RAINFOREST_RESIN,9996,1,9995,25,,,10004,1,10005,25,,,10000,1478
-1,77800,KELP,2013,26,,,,,2015,2,2016,26,,,2014,554.0703125
-1,77900,KELP,2013,39,,,,,2016,32,,,,,2014.5,550.8046875
