day,timestamp,product,bid_price_1,bid_volume_1,bid_price_2,bid_volume_2,bid_price_3,bid_volume_3,ask_price_1,ask_volume_1,ask_price_2,ask_volume_2,ask_price_3,ask_volume_3,mid_price,profit_and_loss
-1,0,RAINFOREST_RESIN,10002,1,9996,2,9995,29,10004,2,10005,29,,,10003,0
-1,0,KELP,2028,1,2026,2,2025,29,2029,31,,,,,2028.5,0
-1,100,KELP,2025,24,,,,,2028,2,2029,22,,,2026.5,0
-1,100,RAINFOREST_RESIN,9996,2,9995,22,,,10004,2,10005,22,,,10000,5
-1,200,RAINFOREST_RESIN,9995,20,,,,,10005,20,,,,,10000,5
-1,200,KELP,2025,22,,,,,2028,20,,,,,2026.5,0
-1,300,KELP,2025,31,,,,,2028,2,2029,29,,,2026.5,0
-1,300,RAINFOREST_RESIN,9996,2,9995,29,,,10004,2,10005,29,,,10000,5
-1,400,RAINFOREST_RESIN,9996,2,9995,25,,,10004,2,10005,25,,,10000,5
-1,400,KELP,2025,27,,,,,2028,27,,,,,2026.5,0
-1,500,KELP,2025,30,,,,,2028,30,,,,,2026.5,0
-1,500,RAINFOREST_RESIN,9995,30,,,,,10002,4,10005,30,,,9998.5,5
-1,600,RAINFOREST_RESIN,10000,5,9995,25,,,10005,25,,,,,10002.5,5
-1,600,KELP,2026,5,2025,31,,,2028,25,,,,,2027,0
-1,700,KELP,2025,2,2024,23,,,2028,23,,,,,2026.5,0
-1,700,RAINFOREST_RESIN,9995,23,,,,,10005,23,,,,,10000,5
-1,800,RAINFOREST_RESIN,9996,1,9995,29,,,10004,1,10005,29,,,10000,5
-1,800,KELP,2024,1,2023,29,,,2027,30,,,,,2025.5,0
-1,900,KELP,2024,23,,,,,2027,23,,,,,2025.5,0
-1,900,RAINFOREST_RESIN,9996,1,9995,22,,,10004,1,10005,22,,,10000,5
-1,1000,RAINFOREST_RESIN,9995,26,,,,,10005,26,,,,,10000,5
-1,1000,KELP,2024,26,,,,,2026,6,2027,26,,,2025,0
-1,1100,KELP,2025,6,2024,26,,,2027,2,2028,24,,,2026,0
-1,1100,RAINFOREST_RESIN,9996,2,9995,24,,,10004,2,10005,24,,,10000,5
-1,1200,RAINFOREST_RESIN,9995,21,,,,,9998,1,10005,21,,,9996.5,35
-1,1200,KELP,2024,21,,,,,2026,8,2028,21,,,2025,0
-1,1300,KELP,2024,31,,,,,2028,31,,,,,2026,0
-1,1300,RAINFOREST_RESIN,10002,1,9996,1,9995,30,10004,1,10005,30,,,10003,37
-1,1400,RAINFOREST_RESIN,9996,1,9995,25,,,10004,1,10005,25,,,10000,39
-1,1400,KELP,2025,3,2024,25,,,2028,26,,,,,2026.5,0
-1,1500,KELP,2024,27,,,,,2028,27,,,,,2026,0
-1,1500,RAINFOREST_RESIN,9995,27,,,,,10005,27,,,,,10000,39
-1,1600,RAINFOREST_RESIN,9995,29,,,,,10005,29,,,,,10000,39
-1,1600,KELP,2024,29,,,,,2026,4,2028,29,,,2025,0
-1,1700,KELP,2024,22,,,,,2026,8,2028,22,,,2025,0
-1,1700,RAINFOREST_RESIN,9996,2,9995,20,,,10002,1,10004,2,10005,20,9999,39
-1,1800,RAINFOREST_RESIN,10002,1,9996,1,9995,22,10004,1,10005,22,,,10003,39
-1,1800,KELP,2024,23,,,,,2028,23,,,,,2026,0
-1,1900,KELP,2024,29,,,,,2026,5,2027,29,,,2025,0
-1,1900,RAINFOREST_RESIN,9996,1,9995,28,,,10004,1,10005,28,,,10000,41
-1,2000,KELP,2024,26,,,,,2027,26,,,,,2025.5,0
-1,2000,RAINFOREST_RESIN,9996,2,9995,24,,,9998,1,10004,2,10005,24,9997,41
-1,2100,RAINFOREST_RESIN,9996,2,9995,25,,,10002,3,10004,2,10005,25,9999,43
-1,2100,KELP,2024,27,,,,,2027,2,2028,25,,,2025.5,0
-1,2200,RAINFOREST_RESIN,9998,8,9996,1,9995,24,10004,1,10005,24,,,10001,43
-1,2200,KELP,2024,25,,,,,2026,7,2027,1,2028,24,2025,0
-1,2300,KELP,2024,32,,,,,2028,32,,,,,2026,0
-1,2300,RAINFOREST_RESIN,9998,7,9996,2,9995,30,10004,2,10005,30,,,10001,43
-1,2400,KELP,2024,29,,,,,2025,1,2028,29,,,2024.5,0
-1,2400,RAINFOREST_RESIN,9995,29,,,,,10005,29,,,,,10000,43
-1,2500,RAINFOREST_RESIN,9996,1,9995,22,,,10004,1,10005,22,,,10000,43
-1,2500,KELP,2025,2,2024,23,,,2027,1,2028,22,,,2026,0
-1,2600,RAINFOREST_RESIN,9995,23,,,,,10005,23,,,,,10000,43
-1,2600,KELP,2025,3,2024,23,,,2028,23,,,,,2026.5,0
-1,2700,KELP,2024,26,,,,,2027,26,,,,,2025.5,0
-1,2700,RAINFOREST_RESIN,9998,6,9995,26,,,10005,26,,,,,10001.5,43
-1,2800,KELP,2023,25,,,,,2027,25,,,,,2025,0
-1,2800,RAINFOREST_RESIN,9995,25,,,,,10005,25,,,,,10000,43
-1,2900,RAINFOREST_RESIN,9996,1,9995,25,,,10004,1,10005,25,,,10000,43
-1,2900,KELP,2023,26,,,,,2027,26,,,,,2025,0
-1,3000,RAINFOREST_RESIN,9998,1,9995,26,,,10005,26,,,,,10001.5,79
-1,3000,KELP,2024,29,,,,,2027,26,,,,,2025.5,0
-1,3100,KELP,2023,26,,,,,2025,5,2026,26,,,2024,1.6734619140625
-1,3100,RAINFOREST_RESIN,9996,2,9995,24,,,10004,2,10005,24,,,10000,83
-1,3200,KELP,2023,23,,,,,2025,3,2026,23,,,2024,2.5032958984375
-1,3200,RAINFOREST_RESIN,9996,1,9995,22,,,10004,1,10005,22,,,10000,86
-1,3300,RAINFOREST_RESIN,9996,2,9995,30,,,10004,2,10005,30,,,10000,86
-1,3300,KELP,2023,32,,,,,2025,2,2026,32,,,2024,2.6439208984375
-1,3400,RAINFOREST_RESIN,9996,2,9995,24,,,10004,2,10005,24,,,10000,86
-1,3400,KELP,2023,26,,,,,2026,26,,,,,2024.5,2.616455078125
-1,3500,KELP,2023,26,,,,,2026,26,,,,,2024.5,2.633056640625
-1,3500,RAINFOREST_RESIN,9995,26,,,,,10005,26,,,,,10000,86
-1,3600,KELP,2023,21,,,,,2026,21,,,,,2024.5,2.6297607421875
-1,3600,RAINFOREST_RESIN,9995,21,,,,,9998,4,10005,21,,,9996.5,86
-1,3700,RAINFOREST_RESIN,10002,1,9996,1,9995,23,10004,1,10005,23,,,10003,86
-1,3700,KELP,2023,27,,,,,2026,24,,,,,2024.5,2.3277587890625
-1,3800,RAINFOREST_RESIN,9996,2,9995,23,,,10002,10,10004,2,10005,23,9999,88
-1,3800,KELP,2023,25,,,,,2026,25,,,,,2024.5,2.3175048828125
-1,3900,KELP,2023,28,,,,,2026,26,,,,,2024.5,2.4041748046875
-1,3900,RAINFOREST_RESIN,9998,1,9996,1,9995,25,10004,1,10005,25,,,10001,91
-1,4000,KELP,2023,32,,,,,2026,32,,,,,2024.5,2.599853515625
-1,4000,RAINFOREST_RESIN,9996,2,9995,30,,,10004,2,10005,30,,,10000,91
-1,4100,RAINFOREST_RESIN,9996,2,9995,27,,,10004,2,10005,27,,,10000,91
-1,4100,KELP,2023,29,,,,,2027,29,,,,,2025,2.9715576171875
-1,4200,RAINFOREST_RESIN,9996,2,9995,24,,,10002,4,10004,2,10005,24,9999,91
-1,4200,KELP,2023,26,,,,,2027,26,,,,,2025,2.9564208984375
-1,4300,KELP,2023,29,,,,,2024,5,2026,22,,,2023.5,2.574951171875
-1,4300,RAINFOREST_RESIN,9995,22,,,,,9998,1,10000,6,10005,22,9996.5,91
-1,4400,KELP,2023,30,,,,,2026,30,,,,,2024.5,2.6270751953125
-1,4400,RAINFOREST_RESIN,9995,30,,,,,10005,30,,,,,10000,91
-1,4500,RAINFOREST_RESIN,9996,1,9995,28,,,10002,10,10004,1,10005,28,9999,91
-1,4500,KELP,2023,28,,,,,2026,29,,,,,2024.5,2.5345458984375
-1,4600,RAINFOREST_RESIN,9996,1,9995,29,,,10002,10,10004,1,10005,29,9999,91
-1,4600,KELP,2023,30,,,,,2026,30,,,,,2024.5,2.5570068359375
-1,4700,KELP,2023,25,,,,,2025,3,2026,32,,,2024,2.7496337890625
-1,4700,RAINFOREST_RESIN,9996,2,9995,30,,,10004,2,10005,30,,,10000,91
-1,4800,KELP,2023,24,,,,,2027,24,,,,,2025,2.9649658203125
-1,4800,RAINFOREST_RESIN,9998,6,9996,2,9995,22,10004,2,10005,22,,,10001,91
-1,4900,RAINFOREST_RESIN,9995,22,,,,,10002,7,10005,22,,,9998.5,97
-1,4900,KELP,2023,22,,,,,2027,22,,,,,2025,4.97314453125
-1,5000,RAINFOREST_RESIN,9998,3,9996,2,9995,28,10004,2,10005,28,,,10001,97
-1,5000,KELP,2023,30,,,,,2026,30,,,,,2024.5,5.396484375
-1,5100,KELP,2023,37,,,,,2026,31,,,,,2024.5,5.3748779296875
-1,5100,RAINFOREST_RESIN,9996,1,9995,30,,,10004,1,10005,30,,,10000,97
-1,5200,KELP,2023,35,,,,,2026,27,,,,,2024.5,5.4068603515625
-1,5200,RAINFOREST_RESIN,9998,9,9996,1,9995,26,10004,1,10005,26,,,10001,97
-1,5300,RAINFOREST_RESIN,9996,1,9995,20,,,10004,1,10005,20,,,10000,97
-1,5300,KELP,2025,1,2023,21,,,2026,21,,,,,2025.5,5.3651123046875
-1,5400,RAINFOREST_RESIN,9995,21,,,,,10005,21,,,,,10000,97
-1,5400,KELP,2023,21,,,,,2025,6,2027,21,,,2024,5.03759765625
-1,5500,KELP,2023,27,,,,,2027,27,,,,,2025,4.811767578125
-1,5500,RAINFOREST_RESIN,9995,27,,,,,10005,27,,,,,10000,97
-1,5600,KELP,2025,2,2023,28,,,2027,28,,,,,2026,4.715087890625
-1,5600,RAINFOREST_RESIN,9995,28,,,,,10005,28,,,,,10000,97
-1,5700,RAINFOREST_RESIN,9998,2,9995,27,,,10005,27,,,,,10001.5,97
-1,5700,KELP,2024,26,,,,,2027,27,,,,,2025.5,4.535888671875
-1,5800,RAINFOREST_RESIN,9996,1,9995,30,,,10004,1,10005,30,,,10000,97
-1,5800,KELP,2024,31,,,,,2027,31,,,,,2025.5,3.8671875
-1,5900,KELP,2024,35,,,,,2027,30,,,,,2025.5,4.025146484375
-1,5900,RAINFOREST_RESIN,9996,2,9995,28,,,10004,2,10005,28,,,10000,97
-1,6000,KELP,2024,30,,,,,2027,30,,,,,2025.5,4.122314453125
-1,6000,RAINFOREST_RESIN,9995,30,,,,,10005,30,,,,,10000,97
-1,6100,RAINFOREST_RESIN,9996,1,9995,24,,,10004,1,10005,24,,,10000,97
-1,6100,KELP,2024,24,,,,,2027,25,,,,,2025.5,4.12109375
-1,6200,RAINFOREST_RESIN,9996,1,9995,21,,,10004,1,10005,21,,,10000,97
-1,6200,KELP,2024,22,,,,,2027,22,,,,,2025.5,4.015380859375
-1,6300,KELP,2024,30,,,,,2027,25,,,,,2025.5,3.568115234375
-1,6300,RAINFOREST_RESIN,9996,2,9995,23,,,10004,2,10005,23,,,10000,97
-1,6400,KELP,2024,25,,,,,2027,25,,,,,2025.5,3.61181640625
-1,6400,RAINFOREST_RESIN,9996,1,9995,24,,,10004,1,10005,24,,,10000,97
-1,6500,RAINFOREST_RESIN,9996,1,9995,26,,,9998,1,10004,1,10005,26,9997,97
-1,6500,KELP,2024,27,,,,,2027,27,,,,,2025.5,4.038330078125
-1,6600,RAINFOREST_RESIN,9996,2,9995,24,,,10004,2,10005,24,,,10000,99
-1,6600,KELP,2024,26,,,,,2028,26,,,,,2026,3.036376953125
-1,6700,KELP,2025,7,2024,20,,,2028,20,,,,,2026.5,2.735595703125
-1,6700,RAINFOREST_RESIN,9995,20,,,,,10002,3,10005,20,,,9998.5,123
-1,6800,KELP,2024,32,,,,,2026,8,2027,2,2028,30,2025,3.422119140625
-1,6800,RAINFOREST_RESIN,9996,2,9995,30,,,10004,2,10005,30,,,10000,123
-1,6900,RAINFOREST_RESIN,9996,1,9995,26,,,10002,5,10004,1,10005,26,9999,123
-1,6900,KELP,2024,27,,,,,2026,1,2027,27,,,2025,3.768798828125
-1,7000,RAINFOREST_RESIN,9998,2,9995,27,,,10005,27,,,,,10001.5,123
-1,7000,KELP,2026,4,2024,27,,,2027,27,,,,,2026.5,3.6630859375
-1,7100,KELP,2024,30,,,,,2027,30,,,,,2025.5,7.2763671875
-1,7100,RAINFOREST_RESIN,9996,1,9995,29,,,10004,1,10005,29,,,10000,131
-1,7200,KELP,2024,28,,,,,2027,28,,,,,2025.5,8.15234375
-1,7200,RAINFOREST_RESIN,9998,5,9996,1,9995,27,10004,1,10005,27,,,10001,131
-1,7300,RAINFOREST_RESIN,10002,1,9996,2,9995,29,10004,2,10005,29,,,10003,131
-1,7300,KELP,2024,35,,,,,2027,31,,,,,2025.5,8.2177734375
-1,7400,RAINFOREST_RESIN,9996,1,9995,22,,,10004,1,10005,22,,,10000,139
-1,7400,KELP,2024,22,,,,,2027,23,,,,,2025.5,9.03125
-1,7500,KELP,2024,25,,,,,2027,25,,,,,2025.5,8.212890625
-1,7500,RAINFOREST_RESIN,9995,25,,,,,10002,10,10005,25,,,9998.5,139
-1,7600,KELP,2024,22,,,,,2027,22,,,,,2025.5,8.40625
-1,7600,RAINFOREST_RESIN,9996,2,9995,20,,,10004,2,10005,20,,,10000,139
-1,7700,RAINFOREST_RESIN,9995,22,,,,,10005,22,,,,,10000,139
-1,7700,KELP,2024,21,,,,,2027,22,,,,,2025.5,8.607421875
-1,7800,RAINFOREST_RESIN,9998,3,9996,1,9995,22,10004,1,10005,22,,,10001,139
-1,7800,KELP,2024,23,,,,,2027,23,,,,,2025.5,8.7890625
-1,7900,KELP,2024,31,,,,,2027,27,,,,,2025.5,8.8984375
-1,7900,RAINFOREST_RESIN,9996,1,9995,26,,,10004,1,10005,26,,,10000,139
-1,8000,KELP,2024,27,,,,,2026,8,2027,27,,,2025,9.955078125
-1,8000,RAINFOREST_RESIN,9995,27,,,,,10005,27,,,,,10000,139
-1,8100,RAINFOREST_RESIN,9996,1,9995,22,,,10004,1,10005,22,,,10000,139
-1,8100,KELP,2023,23,,,,,2027,23,,,,,2025,13.8125
-1,8200,RAINFOREST_RESIN,9995,23,,,,,10005,23,,,,,10000,175
-1,8200,KELP,2023,23,,,,,2025,1,2026,23,,,2024,16.548828125
-1,8300,KELP,2023,30,,,,,2026,30,,,,,2024.5,20.380859375
-1,8300,RAINFOREST_RESIN,9996,1,9995,29,,,10004,1,10005,29,,,10000,175
-1,8400,RAINFOREST_RESIN,9995,28,,,,,10005,28,,,,,10000,175
-1,8400,KELP,2023,28,,,,,2026,28,,,,,2024.5,20.185546875
-1,8500,KELP,2023,31,,,,,2026,31,,,,,2024.5,21.052734375
-1,8500,RAINFOREST_RESIN,9998,10,9996,2,9995,29,10004,2,10005,29,,,10001,175
-1,8600,RAINFOREST_RESIN,9996,1,9995,22,,,10004,1,10005,22,,,10000,175
-1,8600,KELP,2023,22,,,,,2026,23,,,,,2024.5,19.2578125
-1,8700,KELP,2023,27,,,,,2025,4,2026,27,,,2024,17.369140625
-1,8700,RAINFOREST_RESIN,9998,10,9995,27,,,10005,27,,,,,10001.5,175
-1,8800,RAINFOREST_RESIN,9995,25,,,,,9998,1,10005,25,,,9996.5,175
-1,8800,KELP,2024,7,2023,25,,,2027,25,,,,,2025.5,14.099609375
-1,8900,KELP,2024,1,2023,26,,,2027,26,,,,,2025.5,14.671875
-1,8900,RAINFOREST_RESIN,9998,9,9995,26,,,10005,26,,,,,10001.5,177
-1,9000,RAINFOREST_RESIN,9996,2,9995,29,,,10004,2,10005,29,,,10000,177
-1,9000,KELP,2023,31,,,,,2027,31,,,,,2025,14.908203125
-1,9100,KELP,2023,29,,,,,2026,2,2027,27,,,2024.5,15.8203125
-1,9100,RAINFOREST_RESIN,9998,3,9996,2,9995,27,10004,2,10005,27,,,10001,177
-1,9200,RAINFOREST_RESIN,9998,10,9995,27,,,10005,27,,,,,10001.5,177
-1,9200,KELP,2023,27,,,,,2025,7,2026,27,,,2024,16.40234375
-1,9300,KELP,2023,21,,,,,2026,21,,,,,2024.5,18.400390625
-1,9300,RAINFOREST_RESIN,9996,1,9995,20,,,10004,1,10005,20,,,10000,177
-1,9400,RAINFOREST_RESIN,9998,2,9996,2,9995,21,10004,2,10005,21,,,10001,177
-1,9400,KELP,2023,23,,,,,2026,23,,,,,2024.5,19.333984375
-1,9500,KELP,2023,35,,,,,2026,31,,,,,2024.5,18.5703125
-1,9500,RAINFOREST_RESIN,9996,1,9995,30,,,10004,1,10005,30,,,10000,177
-1,9600,RAINFOREST_RESIN,9996,1,9995,30,,,10004,1,10005,30,,,10000,177
-1,9600,KELP,2023,31,,,,,2026,31,,,,,2024.5,20.251953125
-1,9700,KELP,2023,22,,,,,2026,22,,,,,2024.5,20.263671875
-1,9700,RAINFOREST_RESIN,9995,22,,,,,10002,1,10005,22,,,9998.5,177
-1,9800,RAINFOREST_RESIN,9995,26,,,,,10005,26,,,,,10000,177
-1,9800,KELP,2023,26,,,,,2026,26,,,,,2024.5,19.732421875
-1,9900,KELP,2025,4,2023,25,,,2026,25,,,,,2025.5,17.611328125
-1,9900,RAINFOREST_RESIN,9995,25,,,,,10005,25,,,,,10000,177
-1,10000,RAINFOREST_RESIN,9995,28,,,,,10005,28,,,,,10000,177
-1,10000,KELP,2023,36,,,,,2026,28,,,,,2024.5,19.263671875
-1,10100,KELP,2023,25,,,,,2026,25,,,,,2024.5,20.576171875
-1,10100,RAINFOREST_RESIN,9996,1,9995,24,,,10002,3,10004,1,10005,24,9999,177
-1,10200,RAINFOREST_RESIN,9996,2,9995,26,,,10004,2,10005,26,,,10000,177
-1,10200,KELP,2022,28,,,,,2026,28,,,,,2024,29.318359375
-1,10300,KELP,2024,1,2022,35,,,2025,27,,,,,2024.5,38.0234375
-1,10300,RAINFOREST_RESIN,9998,4,9995,27,,,10005,27,,,,,10001.5,177
-1,10400,RAINFOREST_RESIN,10002,1,9996,1,9995,28,10004,1,10005,28,,,10003,177
-1,10400,KELP,2023,1,2022,29,,,2026,29,,,,,2024.5,28.30078125
-1,10500,KELP,2023,2,2022,29,,,2026,31,,,,,2024.5,26.900390625
-1,10500,RAINFOREST_RESIN,9998,4,9996,2,9995,29,10004,2,10005,29,,,10001,179
-1,10600,RAINFOREST_RESIN,9996,2,9995,29,,,10000,4,10004,2,10005,29,9998,179
-1,10600,KELP,2022,31,,,,,2023,4,2024,4,2025,31,2022.5,35.337890625
-1,10700,KELP,2022,29,,,,,2025,28,,,,,2023.5,37.076171875
-1,10700,RAINFOREST_RESIN,9998,8,9995,28,,,10005,28,,,,,10001.5,179
-1,10800,RAINFOREST_RESIN,9998,5,9996,2,9995,22,10004,2,10005,22,,,10001,179
-1,10800,KELP,2022,27,,,,,2025,24,,,,,2023.5,35.755859375
-1,10900,KELP,2022,35,,,,,2025,28,,,,,2023.5,36.1484375
-1,10900,RAINFOREST_RESIN,9996,1,9995,27,,,10004,1,10005,27,,,10000,215
-1,11000,KELP,2024,7,2022,24,,,2025,24,,,,,2024.5,36.189453125
-1,11000,RAINFOREST_RESIN,9995,24,,,,,10002,7,10005,24,,,9998.5,215
-1,11100,RAINFOREST_RESIN,9998,3,9995,21,,,10005,21,,,,,10001.5,215
-1,11100,KELP,2022,21,,,,,2025,21,,,,,2023.5,37.4140625
-1,11200,RAINFOREST_RESIN,9996,2,9995,21,,,10002,7,10004,2,10005,21,9999,222
-1,11200,KELP,2022,23,,,,,2025,23,,,,,2023.5,39.01953125
-1,11300,KELP,2022,25,,,,,2025,22,,,,,2023.5,37.51171875
-1,11300,RAINFOREST_RESIN,9996,1,9995,21,,,10004,1,10005,21,,,10000,222
-1,11400,KELP,2022,26,,,,,2025,26,,,,,2023.5,35.34375
-1,11400,RAINFOREST_RESIN,9996,1,9995,25,,,10004,1,10005,25,,,10000,222
-1,11500,RAINFOREST_RESIN,9996,1,9995,25,,,10002,7,10004,1,10005,25,9999,228
-1,11500,KELP,2022,26,,,,,2024,8,2025,26,,,2023,36.17578125
-1,11600,RAINFOREST_RESIN,9996,2,9995,27,,,10002,2,10004,2,10005,27,9999,228
-1,11600,KELP,2022,29,,,,,2026,29,,,,,2024,26.78125
-1,11700,KELP,2022,23,,,,,2023,2,2026,23,,,2022.5,30.5
-1,11700,RAINFOREST_RESIN,9996,2,9995,21,,,10004,2,10005,21,,,10000,228
-1,11800,KELP,2022,29,,,,,2024,4,2026,29,,,2023,25.35546875
-1,11800,RAINFOREST_RESIN,9998,10,9995,29,,,10000,5,10005,29,,,9999,228
-1,11900,RAINFOREST_RESIN,9996,2,9995,30,,,10004,2,10005,30,,,10000,228
-1,11900,KELP,2023,2,2022,30,,,2024,3,2026,32,,,2023.5,26.1640625
-1,12000,RAINFOREST_RESIN,10002,1,9995,20,,,10005,20,,,,,10003.5,228
-1,12000,KELP,2023,20,,,,,2026,20,,,,,2024.5,19.58203125
-1,12100,KELP,2023,27,,,,,2025,1,2026,27,,,2024,19.8359375
-1,12100,RAINFOREST_RESIN,9996,2,9995,25,,,10004,2,10005,25,,,10000,230
-1,12200,KELP,2023,34,,,,,2026,30,,,,,2024.5,20.09765625
-1,12200,RAINFOREST_RESIN,9996,2,9995,28,,,10004,2,10005,28,,,10000,230
-1,12300,RAINFOREST_RESIN,9998,6,9996,1,9995,28,10004,1,10005,28,,,10001,230
-1,12300,KELP,2023,29,,,,,2026,29,,,,,2024.5,18.86328125
-1,12400,RAINFOREST_RESIN,9995,26,,,,,10005,26,,,,,10000,230
-1,12400,KELP,2023,30,,,,,2026,26,,,,,2024.5,17.87890625
-1,12500,KELP,2023,19,,,,,2026,20,,,,,2024.5,20.37890625
-1,12500,RAINFOREST_RESIN,9995,20,,,,,10005,20,,,,,10000,230
-1,12600,KELP,2023,22,,,,,2026,22,,,,,2024.5,22.8671875
-1,12600,RAINFOREST_RESIN,9995,22,,,,,10005,22,,,,,10000,230
-1,12700,RAINFOREST_RESIN,9996,2,9995,20,,,10004,2,10005,20,,,10000,230
-1,12700,KELP,2023,22,,,,,2026,22,,,,,2024.5,21.0078125
-1,12800,RAINFOREST_RESIN,9996,2,9995,20,,,10004,2,10005,20,,,10000,230
-1,12800,KELP,2023,22,,,,,2026,22,,,,,2024.5,19.6015625
-1,12900,KELP,2023,36,,,,,2026,29,,,,,2024.5,17.79296875
-1,12900,RAINFOREST_RESIN,9996,1,9995,28,,,10002,3,10004,1,10005,28,9999,230
-1,13000,KELP,2025,1,2023,6,2022,20,2026,20,,,,,2025.5,26.11328125
-1,13000,RAINFOREST_RESIN,10002,1,9995,20,,,10005,20,,,,,10003.5,230
-1,13100,RAINFOREST_RESIN,9996,1,9995,25,,,10004,1,10005,25,,,10000,232
-1,13100,KELP,2023,33,,,,,2026,26,,,,,2024.5,23.2734375
-1,13200,RAINFOREST_RESIN,9998,2,9995,22,,,10005,22,,,,,10001.5,232
-1,13200,KELP,2022,22,,,,,2025,5,2026,22,,,2023.5,24.734375
-1,13300,KELP,2023,6,2022,24,,,2026,24,,,,,2024.5,25.3515625
-1,13300,RAINFOREST_RESIN,9995,24,,,,,10005,24,,,,,10000,232
-1,13400,KELP,2023,32,,,,,2026,32,,,,,2024.5,24.59765625
-1,13400,RAINFOREST_RESIN,9996,2,9995,30,,,10004,2,10005,30,,,10000,240
-1,13500,RAINFOREST_RESIN,9995,30,,,,,10005,30,,,,,10000,240
-1,13500,KELP,2022,30,,,,,2025,8,2026,30,,,2023.5,24.83984375
-1,13600,RAINFOREST_RESIN,9995,25,,,,,10002,10,10005,25,,,9998.5,240
-1,13600,KELP,2023,24,,,,,2025,3,2026,25,,,2024,21.76953125
-1,13700,KELP,2023,25,,,,,2026,21,,,,,2024.5,21.703125
-1,13700,RAINFOREST_RESIN,9996,1,9995,20,,,9998,4,10004,1,10005,20,9997,240
-1,13800,KELP,2023,23,,,,,2026,22,,,,,2024.5,20.48828125
-1,13800,RAINFOREST_RESIN,9996,2,9995,20,,,10004,2,10005,20,,,10000,248
-1,13900,RAINFOREST_RESIN,9996,2,9995,20,,,10000,6,10004,2,10005,20,9998,248
-1,13900,KELP,2023,22,,,,,2024,6,2025,4,2026,22,2023.5,23.15625
-1,14000,RAINFOREST_RESIN,9998,5,9996,2,9995,27,10004,2,10005,27,,,10001,248
-1,14000,KELP,2023,3,2022,29,,,2026,29,,,,,2024.5,26.84375
-1,14100,KELP,2023,25,,,,,2025,1,2026,25,,,2024,20.25390625
-1,14100,RAINFOREST_RESIN,9996,2,9995,23,,,10004,2,10005,23,,,10000,248
-1,14200,KELP,2023,20,,,,,2026,21,,,,,2024.5,19.87109375
-1,14200,RAINFOREST_RESIN,9995,21,,,,,10005,21,,,,,10000,248
-1,14300,RAINFOREST_RESIN,9996,2,9995,27,,,10004,2,10005,27,,,10000,248
-1,14300,KELP,2022,29,,,,,2026,29,,,,,2024,28.953125
-1,14400,RAINFOREST_RESIN,9996,1,9995,29,,,10004,1,10005,29,,,10000,248
-1,14400,KELP,2023,30,,,,,2026,30,,,,,2024.5,24.39453125
-1,14500,KELP,2023,24,,,,,2026,24,,,,,2024.5,23.5859375
-1,14500,RAINFOREST_RESIN,9995,24,,,,,10002,1,10005,24,,,9998.5,248
-1,14600,KELP,2022,28,,,,,2024,2,2026,28,,,2023,27.5
-1,14600,RAINFOREST_RESIN,9996,2,9995,26,,,10000,2,10004,2,10005,26,9998,248
-1,14700,RAINFOREST_RESIN,9995,30,,,,,10002,7,10005,30,,,9998.5,248
-1,14700,KELP,2022,30,,,,,2025,30,,,,,2023.5,35.18359375
-1,14800,RAINFOREST_RESIN,9995,28,,,,,10002,6,10005,28,,,9998.5,248
-1,14800,KELP,2022,28,,,,,2025,28,,,,,2023.5,35.41015625
-1,14900,KELP,2023,4,2022,26,,,2025,26,,,,,2024,35.984375
-1,14900,RAINFOREST_RESIN,10000,4,9995,26,,,10005,26,,,,,10002.5,248
-1,15000,KELP,2024,8,2022,25,,,2025,25,,,,,2024.5,37.6171875
-1,15000,RAINFOREST_RESIN,9998,1,9995,25,,,10005,25,,,,,10001.5,248
-1,15100,RAINFOREST_RESIN,9995,22,,,,,10005,22,,,,,10000,248
-1,15100,KELP,2022,27,,,,,2025,22,,,,,2023.5,41.30859375
-1,15200,RAINFOREST_RESIN,9998,6,9995,27,,,10005,27,,,,,10001.5,248
-1,15200,KELP,2022,26,,,,,2025,27,,,,,2023.5,41.515625
-1,15300,KELP,2022,26,,,,,2024,4,2025,26,,,2023,42.21875
-1,15300,RAINFOREST_RESIN,9995,26,,,,,10002,1,10005,26,,,9998.5,248
-1,15400,KELP,2022,35,,,,,2025,30,,,,,2023.5,43.41796875
-1,15400,RAINFOREST_RESIN,9996,2,9995,28,,,9998,1,10004,2,10005,28,9997,251
-1,15500,RAINFOREST_RESIN,10002,1,9996,2,9995,29,10004,2,10005,29,,,10003,253
-1,15500,KELP,2022,31,,,,,2024,8,2025,31,,,2023,40.96484375
-1,15600,RAINFOREST_RESIN,9996,2,9995,24,,,10004,2,10005,24,,,10000,255
-1,15600,KELP,2022,31,,,,,2025,26,,,,,2023.5,38.93359375
-1,15700,KELP,2022,25,,,,,2025,25,,,,,2023.5,35.75390625
-1,15700,RAINFOREST_RESIN,10002,5,9996,1,9995,24,10004,1,10005,24,,,10003,261
-1,15800,KELP,2025,1,2022,22,,,2026,22,,,,,2025.5,28.81640625
-1,15800,RAINFOREST_RESIN,9998,10,9996,2,9995,20,10004,2,10005,20,,,10001,271
-1,15900,RAINFOREST_RESIN,9996,2,9995,29,,,10000,6,10004,2,10005,29,9998,271
-1,15900,KELP,2023,31,,,,,2024,6,2025,2,2026,31,2023.5,22.64453125
-1,16000,RAINFOREST_RESIN,9996,2,9995,27,,,10002,6,10004,2,10005,27,9999,271
-1,16000,KELP,2023,29,,,,,2025,2,2026,29,,,2024,23.6328125
-1,16100,KELP,2022,21,,,,,2023,2,2026,21,,,2022.5,32.4375
-1,16100,RAINFOREST_RESIN,9995,21,,,,,10000,2,10002,10,10005,21,9997.5,271
-1,16200,KELP,2022,24,,,,,2023,1,2026,24,,,2022.5,30.125
-1,16200,RAINFOREST_RESIN,9995,24,,,,,9998,1,10005,24,,,9996.5,271
-1,16300,RAINFOREST_RESIN,9996,1,9995,22,,,10004,1,10005,22,,,10000,273
-1,16300,KELP,2023,2,2022,23,,,2026,23,,,,,2024.5,30.75390625
-1,16400,RAINFOREST_RESIN,9996,2,9995,30,,,10002,3,10004,2,10005,30,9999,297
-1,16400,KELP,2023,2,2022,30,,,2026,32,,,,,2024.5,26.6953125
-1,16500,KELP,2023,2,2022,21,,,2026,23,,,,,2024.5,26.234375
-1,16500,RAINFOREST_RESIN,9996,2,9995,21,,,10002,7,10004,2,10005,21,9999,297
-1,16600,KELP,2022,30,,,,,2023,1,2026,30,,,2022.5,28.265625
-1,16600,RAINFOREST_RESIN,9998,4,9996,2,9995,28,10004,2,10005,28,,,10001,297
-1,16700,RAINFOREST_RESIN,10002,1,9995,26,,,10005,26,,,,,10003.5,297
-1,16700,KELP,2025,1,2022,26,,,2026,26,,,,,2025.5,26.58984375
-1,16800,RAINFOREST_RESIN,9995,26,,,,,10005,26,,,,,10000,299
-1,16800,KELP,2022,26,,,,,2026,26,,,,,2024,28.796875
-1,16900,KELP,2023,1,2022,25,,,2026,26,,,,,2024.5,26.40625
-1,16900,RAINFOREST_RESIN,9996,1,9995,25,,,10004,1,10005,25,,,10000,319
-1,17000,KELP,2023,29,,,,,2026,29,,,,,2024.5,23.96875
-1,17000,RAINFOREST_RESIN,9998,9,9995,29,,,10005,29,,,,,10001.5,319
-1,17100,KELP,2023,23,,,,,2026,23,,,,,2024.5,21.828125
-1,17100,RAINFOREST_RESIN,9996,2,9995,21,,,10004,2,10005,21,,,10000,319
-1,17200,RAINFOREST_RESIN,9998,3,9996,2,9995,22,10004,2,10005,22,,,10001,319
-1,17200,KELP,2023,24,,,,,2026,24,,,,,2024.5,19.2421875
-1,17300,KELP,2023,25,,,,,2025,6,2026,25,,,2024,17.58984375
-1,17300,RAINFOREST_RESIN,9996,2,9995,23,,,10002,9,10004,2,10005,23,9999,319
-1,17400,RAINFOREST_RESIN,10000,6,9998,7,9995,28,10005,28,,,,,10002.5,319
-1,17400,KELP,2024,6,2023,28,,,2026,28,,,,,2025,13.33203125
-1,17500,KELP,2023,26,,,,,2027,26,,,,,2025,12.625
-1,17500,RAINFOREST_RESIN,9995,26,,,,,10005,26,,,,,10000,319
-1,17600,RAINFOREST_RESIN,9998,6,9995,30,,,10005,30,,,,,10001.5,319
-1,17600,KELP,2023,30,,,,,2026,30,,,,,2024.5,14.6953125
-1,17700,KELP,2025,1,2023,29,,,2026,29,,,,,2025.5,16.1640625
-1,17700,RAINFOREST_RESIN,9996,2,9995,27,,,10004,2,10005,27,,,10000,319
-1,17800,RAINFOREST_RESIN,9996,2,9995,24,,,10002,5,10004,2,10005,24,9999,319
-1,17800,KELP,2023,26,,,,,2026,2,2027,24,,,2024.5,13.25390625
-1,17900,KELP,2023,23,,,,,2027,23,,,,,2025,12.4296875
-1,17900,RAINFOREST_RESIN,9995,23,,,,,10005,23,,,,,10000,319
-1,18000,RAINFOREST_RESIN,9996,2,9995,25,,,10004,2,10005,25,,,10000,319
-1,18000,KELP,2023,27,,,,,2026,27,,,,,2024.5,14.0625
-1,18100,KELP,2023,20,,,,,2027,20,,,,,2025,8.49609375
-1,18100,RAINFOREST_RESIN,9995,20,,,,,10005,20,,,,,10000,319
-1,18200,RAINFOREST_RESIN,9996,1,9995,25,,,10004,1,10005,25,,,10000,319
-1,18200,KELP,2024,21,,,,,2027,26,,,,,2025.5,2.4921875
-1,18300,KELP,2023,25,,,,,2027,25,,,,,2025,6.77734375
-1,18300,RAINFOREST_RESIN,9996,2,9995,23,,,10004,2,10005,23,,,10000,319
-1,18400,RAINFOREST_RESIN,9996,2,9995,23,,,10004,2,10005,23,,,10000,319
-1,18400,KELP,2024,25,,,,,2026,5,2027,25,,,2025,-1.06640625
-1,18500,KELP,2024,29,,,,,2025,1,2027,29,,,2024.5,-2.32421875
-1,18500,RAINFOREST_RESIN,9995,29,,,,,10000,2,10005,29,,,9997.5,319
-1,18600,RAINFOREST_RESIN,10002,1,9995,20,,,10005,20,,,,,10003.5,319
-1,18600,KELP,2024,20,,,,,2026,5,2027,20,,,2025,-4.45703125
-1,18700,KELP,2024,22,,,,,2027,22,,,,,2025.5,-5.046875
-1,18700,RAINFOREST_RESIN,9995,22,,,,,10005,22,,,,,10000,321
-1,18800,RAINFOREST_RESIN,9996,2,9995,26,,,10004,2,10005,26,,,10000,321
-1,18800,KELP,2024,28,,,,,2027,28,,,,,2025.5,-0.41015625
-1,18900,KELP,2024,22,,,,,2027,22,,,,,2025.5,-2.453125
-1,18900,RAINFOREST_RESIN,9998,2,9995,22,,,10005,22,,,,,10001.5,321
-1,19000,RAINFOREST_RESIN,9996,2,9995,26,,,10004,2,10005,26,,,10000,321
-1,19000,KELP,2024,18,,,,,2027,28,,,,,2025.5,-2.86328125
-1,19100,KELP,2024,28,,,,,2027,28,,,,,2025.5,-3.40625
-1,19100,RAINFOREST_RESIN,9996,2,9995,26,,,10004,2,10005,26,,,10000,321
-1,19200,RAINFOREST_RESIN,9996,1,9995,20,,,9998,1,10004,1,10005,20,9997,321
-1,19200,KELP,2024,21,,,,,2027,21,,,,,2025.5,-4.67578125
-1,19300,KELP,2024,23,,,,,2027,23,,,,,2025.5,-4.96875
-1,19300,RAINFOREST_RESIN,9996,2,9995,21,,,10004,2,10005,21,,,10000,323
-1,19400,RAINFOREST_RESIN,9995,26,,,,,10005,26,,,,,10000,326
-1,19400,KELP,2023,26,,,,,2027,26,,,,,2025,5.5
-1,19500,KELP,2024,23,,,,,2027,23,,,,,2025.5,-0.41015625
-1,19500,RAINFOREST_RESIN,9995,23,,,,,10005,23,,,,,10000,326
-1,19600,RAINFOREST_RESIN,9996,2,9995,27,,,10004,2,10005,27,,,10000,326
-1,19600,KELP,2024,2,2023,27,,,2027,29,,,,,2025.5,5.390625
-1,19700,KELP,2024,31,,,,,2026,7,2027,32,,,2025,3.53515625
-1,19700,RAINFOREST_RESIN,10002,1,9996,2,9995,30,10004,2,10005,30,,,10003,326
-1,19800,RAINFOREST_RESIN,9996,2,9995,29,,,10004,2,10005,29,,,10000,328
-1,19800,KELP,2024,31,,,,,2027,31,,,,,2025.5,1.109375
-1,19900,KELP,2024,32,,,,,2027,32,,,,,2025.5,-1.4921875
-1,19900,RAINFOREST_RESIN,9996,2,9995,30,,,10004,2,10005,30,,,10000,328
-1,20000,KELP,2024,2,2023,27,,,2027,27,,,,,2025.5,9.69921875
-1,20000,RAINFOREST_RESIN,9995,27,,,,,10002,4,10005,27,,,9998.5,328
-1,20100,RAINFOREST_RESIN,10002,1,9996,1,9995,30,10004,1,10005,30,,,10003,328
-1,20100,KELP,2023,31,,,,,2025,4,2027,31,,,2024,8.6171875
-1,20200,RAINFOREST_RESIN,9995,29,,,,,9998,1,10005,29,,,9996.5,330
-1,20200,KELP,2023,29,,,,,2027,29,,,,,2025,11.1953125
-1,20300,KELP,2024,26,,,,,2027,27,,,,,2025.5,-3.015625
-1,20300,RAINFOREST_RESIN,9995,27,,,,,10005,27,,,,,10000,332
-1,20400,KELP,2024,30,,,,,2025,4,2027,29,,,2024.5,2.6171875
-1,20400,RAINFOREST_RESIN,9996,1,9995,28,,,10000,4,10004,1,10005,28,9998,332
-1,20500,RAINFOREST_RESIN,10000,3,9996,2,9995,30,10004,2,10005,30,,,10002,332
-1,20500,KELP,2025,4,2024,7,2023,30,2027,32,,,,,2026,6.1640625
-1,20600,RAINFOREST_RESIN,9996,2,9995,26,,,10004,2,10005,26,,,10000,332
-1,20600,KELP,2023,28,,,,,2027,28,,,,,2025,6.73828125
-1,20700,KELP,2025,6,2023,22,,,2027,22,,,,,2026,6
-1,20700,RAINFOREST_RESIN,10002,1,10000,6,9998,4,10005,22,,,,,10003.5,332
-1,20800,KELP,2024,2,2023,22,,,2027,24,,,,,2025.5,5.7578125
-1,20800,RAINFOREST_RESIN,9996,2,9995,22,,,10004,2,10005,22,,,10000,334
-1,20900,RAINFOREST_RESIN,9995,23,,,,,10005,23,,,,,10000,334
-1,20900,KELP,2026,1,2023,23,,,2027,23,,,,,2026.5,4.859375
-1,21000,RAINFOREST_RESIN,9996,2,9995,26,,,10004,2,10005,26,,,10000,334
-1,21000,KELP,2024,28,,,,,2027,28,,,,,2025.5,3.8984375
-1,21100,KELP,2024,2,2023,22,,,2027,24,,,,,2025.5,5.6875
-1,21100,RAINFOREST_RESIN,9996,2,9995,22,,,10004,2,10005,22,,,10000,334
-1,21200,KELP,2024,22,,,,,2027,22,,,,,2025.5,2.8203125
-1,21200,RAINFOREST_RESIN,9995,22,,,,,9998,1,10005,22,,,9996.5,334
-1,21300,RAINFOREST_RESIN,9996,1,9995,29,,,10002,7,10004,1,10005,29,9999,336
-1,21300,KELP,2024,1,2023,29,,,2027,30,,,,,2025.5,5.13671875
-1,21400,RAINFOREST_RESIN,9995,28,,,,,10005,28,,,,,10000,360
-1,21400,KELP,2024,28,,,,,2027,28,,,,,2025.5,3.05859375
-1,21500,KELP,2026,4,2024,21,,,2027,21,,,,,2026.5,-4.921875
-1,21500,RAINFOREST_RESIN,9996,1,9995,20,,,10004,1,10005,20,,,10000,360
-1,21600,KELP,2024,27,,,,,2027,2,2028,25,,,2025.5,-7.4140625
-1,21600,RAINFOREST_RESIN,10002,12,9996,2,9995,25,10004,2,10005,25,,,10003,360
-1,21700,RAINFOREST_RESIN,9998,8,9996,2,9995,29,10004,2,10005,29,,,10001,384
-1,21700,KELP,2024,31,,,,,2027,31,,,,,2025.5,-5.625
-1,21800,RAINFOREST_RESIN,9996,2,9995,22,,,10004,2,10005,22,,,10000,384
-1,21800,KELP,2024,24,,,,,2028,24,,,,,2026,-9.12890625
-1,21900,KELP,2024,22,,,,,2028,22,,,,,2026,-9.96484375
-1,21900,RAINFOREST_RESIN,10002,3,9996,1,9995,21,10004,1,10005,21,,,10003,384
-1,22000,KELP,2024,21,,,,,2028,21,,,,,2026,-7.3203125
-1,22000,RAINFOREST_RESIN,9995,21,,,,,10005,21,,,,,10000,390
-1,22100,RAINFOREST_RESIN,9996,2,9995,22,,,10002,7,10004,2,10005,22,9999,390
-1,22100,KELP,2024,23,,,,,2027,24,,,,,2025.5,-0.953125
-1,22200,RAINFOREST_RESIN,9998,6,9996,1,9995,20,10004,1,10005,20,,,10001,390
-1,22200,KELP,2024,21,,,,,2027,21,,,,,2025.5,2.9765625
-1,22300,KELP,2023,29,,,,,2026,1,2027,28,,,2024.5,13.09375
-1,22300,RAINFOREST_RESIN,9996,1,9995,28,,,10004,1,10005,28,,,10000,401
-1,22400,KELP,2023,29,,,,,2026,29,,,,,2024.5,13.9609375
-1,22400,RAINFOREST_RESIN,9996,2,9995,27,,,9998,1,10004,2,10005,27,9997,401
-1,22500,RAINFOREST_RESIN,9996,2,9995,29,,,10004,2,10005,29,,,10000,430
-1,22500,KELP,2023,31,,,,,2026,31,,,,,2024.5,18.4609375
-1,22600,RAINFOREST_RESIN,10000,6,9998,6,9996,2,10004,2,10005,20,,,10002,430
-1,22600,KELP,2024,6,2023,26,,,2026,22,,,,,2025,19.91796875
-1,22700,KELP,2023,25,,,,,2026,26,,,,,2024.5,20.6171875
-1,22700,RAINFOREST_RESIN,9996,2,9995,24,,,10004,2,10005,24,,,10000,430
-1,22800,KELP,2023,27,,,,,2026,28,,,,,2024.5,24.5234375
-1,22800,RAINFOREST_RESIN,9996,1,9995,27,,,9998,2,10004,1,10005,27,9997,430
-1,22900,RAINFOREST_RESIN,9996,2,9995,30,,,10002,8,10004,2,10005,30,9999,434
-1,22900,KELP,2023,2,2022,30,,,2026,32,,,,,2024.5,25.5546875
-1,23000,RAINFOREST_RESIN,9996,1,9995,21,,,10004,1,10005,21,,,10000,434
-1,23000,KELP,2022,22,,,,,2026,22,,,,,2024,28.265625
-1,23100,KELP,2023,23,,,,,2026,23,,,,,2024.5,22.9453125
-1,23100,RAINFOREST_RESIN,9998,8,9995,23,,,10005,23,,,,,10001.5,434
-1,23200,KELP,2023,2,2022,29,,,2024,3,2026,31,,,2023.5,25.234375
-1,23200,RAINFOREST_RESIN,9998,5,9996,2,9995,29,10004,2,10005,29,,,10001,434
-1,23300,RAINFOREST_RESIN,9996,1,9995,29,,,10004,1,10005,29,,,10000,436
-1,23300,KELP,2023,30,,,,,2026,30,,,,,2024.5,21.7890625
-1,23400,RAINFOREST_RESIN,9996,1,9995,29,,,10004,1,10005,29,,,10000,436
-1,23400,KELP,2023,30,,,,,2026,30,,,,,2024.5,21.5703125
-1,23500,KELP,2023,29,,,,,2025,4,2026,30,,,2024,21.75
-1,23500,RAINFOREST_RESIN,9998,8,9996,2,9995,28,10004,2,10005,28,,,10001,436
-1,23600,KELP,2022,27,,,,,2026,27,,,,,2024,25.19140625
-1,23600,RAINFOREST_RESIN,9995,27,,,,,10005,27,,,,,10000,436
-1,23700,RAINFOREST_RESIN,10002,1,9996,2,9995,21,10004,2,10005,21,,,10003,436
-1,23700,KELP,2023,2,2022,21,,,2025,7,2026,23,,,2024,24.953125
-1,23800,RAINFOREST_RESIN,9995,30,,,,,10005,30,,,,,10000,462
-1,23800,KELP,2024,1,2022,30,,,2026,30,,,,,2025,31.4375
-1,23900,KELP,2025,1,2023,1,2022,30,2026,30,,,,,2025.5,26.8828125
-1,23900,RAINFOREST_RESIN,9995,30,,,,,10005,30,,,,,10000,462
-1,24000,KELP,2022,29,,,,,2026,29,,,,,2024,27
-1,24000,RAINFOREST_RESIN,9998,9,9995,29,,,10005,29,,,,,10001.5,462
-1,24100,RAINFOREST_RESIN,9996,1,9995,25,,,10004,1,10005,25,,,10000,462
-1,24100,KELP,2023,1,2022,25,,,2025,3,2026,26,,,2024,24.8125
-1,24200,RAINFOREST_RESIN,9996,2,9995,28,,,10002,6,10004,2,10005,28,9999,486
-1,24200,KELP,2023,30,,,,,2026,30,,,,,2024.5,21.81640625
-1,24300,KELP,2023,26,,,,,2026,26,,,,,2024.5,21.34375
-1,24300,RAINFOREST_RESIN,9996,2,9995,24,,,10002,1,10004,2,10005,24,9999,486
-1,24400,KELP,2025,1,2023,22,,,2026,22,,,,,2025.5,23.8359375
-1,24400,RAINFOREST_RESIN,10002,1,9998,4,9996,1,10004,1,10005,21,,,10003,486
-1,24500,RAINFOREST_RESIN,10002,1,9996,1,9995,25,10004,1,10005,25,,,10003,488
-1,24500,KELP,2022,26,,,,,2026,26,,,,,2024,28.578125
-1,24600,RAINFOREST_RESIN,9995,24,,,,,9998,2,10005,24,,,9996.5,496
-1,24600,KELP,2022,24,,,,,2024,2,2026,24,,,2023,27.72265625
-1,24700,KELP,2023,25,,,,,2026,25,,,,,2024.5,25.30078125
-1,24700,RAINFOREST_RESIN,9995,25,,,,,10005,25,,,,,10000,500
-1,24800,KELP,2022,23,,,,,2026,23,,,,,2024,30.078125
-1,24800,RAINFOREST_RESIN,9995,23,,,,,10005,23,,,,,10000,500
-1,24900,RAINFOREST_RESIN,10002,1,9996,1,9995,22,10004,1,10005,22,,,10003,500
-1,24900,KELP,2024,4,2022,23,,,2026,23,,,,,2025,29.015625
-1,25000,RAINFOREST_RESIN,9995,23,,,,,10005,23,,,,,10000,502
-1,25000,KELP,2023,23,,,,,2026,23,,,,,2024.5,25.73046875
-1,25100,KELP,2022,25,,,,,2024,4,2026,25,,,2023,28.3046875
-1,25100,RAINFOREST_RESIN,10002,1,9995,25,,,10005,25,,,,,10003.5,502
-1,25200,KELP,2023,1,2022,24,,,2025,3,2026,25,,,2024,27.5703125
-1,25200,RAINFOREST_RESIN,9996,1,9995,24,,,9998,5,10004,1,10005,24,9997,504
-1,25300,RAINFOREST_RESIN,9996,2,9995,22,,,10004,2,10005,22,,,10000,514
-1,25300,KELP,2023,4,2022,22,,,2026,24,,,,,2024.5,27.21484375
-1,25400,RAINFOREST_RESIN,9996,1,9995,29,,,10004,1,10005,29,,,10000,514
-1,25400,KELP,2025,8,2023,30,,,2026,30,,,,,2025.5,25.9375
-1,25500,KELP,2022,21,,,,,2025,21,,,,,2023.5,37.25390625
-1,25500,RAINFOREST_RESIN,9996,1,9995,20,,,9998,6,10002,9,10004,1,9997,514
-1,25600,KELP,2023,31,,,,,2026,23,,,,,2024.5,25.59375
-1,25600,RAINFOREST_RESIN,9996,1,9995,22,,,10002,7,10004,1,10005,22,9999,514
-1,25700,RAINFOREST_RESIN,9996,2,9995,30,,,10004,2,10005,30,,,10000,514
-1,25700,KELP,2023,32,,,,,2025,6,2026,32,,,2024,22.8203125
-1,25800,RAINFOREST_RESIN,10002,4,9995,24,,,10005,24,,,,,10003.5,526
-1,25800,KELP,2023,23,,,,,2026,24,,,,,2024.5,19.4296875
-1,25900,KELP,2023,25,,,,,2026,25,,,,,2024.5,23.953125
-1,25900,RAINFOREST_RESIN,9996,2,9995,23,,,10004,2,10005,23,,,10000,534
-1,26000,RAINFOREST_RESIN,9996,2,9995,27,,,10004,2,10005,27,,,10000,534
-1,26000,KELP,2023,22,,,,,2026,29,,,,,2024.5,26.6015625
-1,26100,KELP,2023,20,,,,,2026,20,,,,,2024.5,23.54296875
-1,26100,RAINFOREST_RESIN,9998,7,9995,20,,,10005,20,,,,,10001.5,534
-1,26200,RAINFOREST_RESIN,9996,1,9995,22,,,10004,1,10005,22,,,10000,534
-1,26200,KELP,2023,23,,,,,2026,23,,,,,2024.5,22.71484375
-1,26300,KELP,2023,30,,,,,2026,30,,,,,2024.5,23.53125
-1,26300,RAINFOREST_RESIN,9996,1,9995,29,,,9998,1,10004,1,10005,29,9997,534
-1,26400,RAINFOREST_RESIN,9995,22,,,,,10005,22,,,,,10000,536
-1,26400,KELP,2023,27,,,,,2026,22,,,,,2024.5,25.1015625
-1,26500,KELP,2023,24,,,,,2026,24,,,,,2024.5,25.46484375
-1,26500,RAINFOREST_RESIN,9996,1,9995,23,,,10004,1,10005,23,,,10000,536
-1,26600,RAINFOREST_RESIN,9996,2,9995,28,,,9998,1,10004,2,10005,28,9997,536
-1,26600,KELP,2023,36,,,,,2026,30,,,,,2024.5,23.8046875
-1,26700,KELP,2023,24,,,,,2025,6,2026,24,,,2024,24.01953125
-1,26700,RAINFOREST_RESIN,9998,2,9996,1,9995,23,10004,1,10005,23,,,10001,538
-1,26800,RAINFOREST_RESIN,9996,2,9995,28,,,10004,2,10005,28,,,10000,538
-1,26800,KELP,2025,1,2023,30,,,2026,30,,,,,2025.5,24.63671875
-1,26900,KELP,2023,29,,,,,2026,30,,,,,2024.5,25.015625
-1,26900,RAINFOREST_RESIN,10002,1,9995,30,,,10005,30,,,,,10003.5,538
-1,27000,RAINFOREST_RESIN,9995,28,,,,,10002,1,10005,28,,,9998.5,540
-1,27000,KELP,2023,30,,,,,2026,28,,,,,2024.5,24.79296875
-1,27100,KELP,2023,27,,,,,2026,24,,,,,2024.5,23.0078125
-1,27100,RAINFOREST_RESIN,9995,24,,,,,10005,24,,,,,10000,540
-1,27200,RAINFOREST_RESIN,9998,2,9995,21,,,10005,21,,,,,10001.5,540
-1,27200,KELP,2023,21,,,,,2025,2,2026,21,,,2024,23.828125
-1,27300,KELP,2025,1,2023,31,,,2026,31,,,,,2025.5,23.23046875
-1,27300,RAINFOREST_RESIN,9996,2,9995,29,,,10004,2,10005,29,,,10000,540
-1,27400,RAINFOREST_RESIN,9995,21,,,,,10005,21,,,,,10000,540
-1,27400,KELP,2023,21,,,,,2026,21,,,,,2024.5,18.296875
-1,27500,KELP,2023,23,,,,,2025,6,2026,23,,,2024,17.453125
-1,27500,RAINFOREST_RESIN,9996,1,9995,22,,,10004,1,10005,22,,,10000,540
-1,27600,RAINFOREST_RESIN,9998,5,9995,24,,,10005,24,,,,,10001.5,540
-1,27600,KELP,2023,30,,,,,2026,24,,,,,2024.5,19.80078125
-1,27700,KELP,2023,19,,,,,2026,24,,,,,2024.5,18.93359375
-1,27700,RAINFOREST_RESIN,9995,24,,,,,10005,24,,,,,10000,540
-1,27800,RAINFOREST_RESIN,9998,9,9996,2,9995,26,10004,2,10005,26,,,10001,540
-1,27800,KELP,2023,28,,,,,2025,3,2026,28,,,2024,16.5625
-1,27900,KELP,2025,1,2023,29,,,2026,29,,,,,2025.5,17.9453125
-1,27900,RAINFOREST_RESIN,9996,2,9995,27,,,10002,4,10004,2,10005,27,9999,540
-1,28000,RAINFOREST_RESIN,9998,2,9995,28,,,10005,28,,,,,10001.5,540
-1,28000,KELP,2023,28,,,,,2026,28,,,,,2024.5,16.140625
-1,28100,KELP,2023,26,,,,,2026,26,,,,,2024.5,17.8203125
-1,28100,RAINFOREST_RESIN,9996,2,9995,24,,,10004,2,10005,24,,,10000,540
-1,28200,RAINFOREST_RESIN,9996,1,9995,25,,,9998,2,10004,1,10005,25,9997,540
-1,28200,KELP,2023,26,,,,,2025,5,2026,1,2027,25,2024,13.54296875
-1,28300,KELP,2023,24,,,,,2024,2,2027,24,,,2023.5,12.33203125
-1,28300,RAINFOREST_RESIN,9996,1,9995,23,,,10004,1,10005,23,,,10000,544
-1,28400,RAINFOREST_RESIN,9996,2,9995,23,,,10004,2,10005,23,,,10000,544
-1,28400,KELP,2023,24,,,,,2027,25,,,,,2025,13.1640625
-1,28500,KELP,2023,23,,,,,2027,23,,,,,2025,10.953125
-1,28500,RAINFOREST_RESIN,9998,10,9995,23,,,10005,23,,,,,10001.5,544
-1,28600,RAINFOREST_RESIN,10002,1,9996,2,9995,21,10004,2,10005,21,,,10003,544
-1,28600,KELP,2023,23,,,,,2025,8,2027,23,,,2024,10.7734375
-1,28700,RAINFOREST_RESIN,9995,30,,,,,10005,30,,,,,10000,546
-1,28700,KELP,2023,30,,,,,2027,30,,,,,2025,9.50390625
-1,28800,RAINFOREST_RESIN,9995,27,,,,,10005,27,,,,,10000,546
-1,28800,KELP,2024,27,,,,,2027,27,,,,,2025.5,5.90625
-1,28900,KELP,2024,26,,,,,2027,22,,,,,2025.5,-1.0390625
-1,28900,RAINFOREST_RESIN,9998,7,9996,1,9995,21,10004,1,10005,21,,,10001,546
-1,29000,KELP,2024,23,,,,,2027,24,,,,,2025.5,3.71484375
-1,29000,RAINFOREST_RESIN,9995,24,,,,,10005,24,,,,,10000,546
-1,29100,RAINFOREST_RESIN,9996,2,9995,26,,,10004,2,10005,26,,,10000,578
-1,29100,KELP,2024,31,,,,,2027,28,,,,,2025.5,1.58984375
-1,29200,RAINFOREST_RESIN,9996,1,9995,30,,,10004,1,10005,30,,,10000,578
-1,29200,KELP,2026,1,2024,31,,,2027,31,,,,,2026.5,3.04296875
-1,29300,KELP,2024,32,,,,,2026,2,2027,32,,,2025,2.48046875
-1,29300,RAINFOREST_RESIN,9996,2,9995,30,,,10002,3,10004,2,10005,30,9999,578
-1,29400,KELP,2024,25,,,,,2027,26,,,,,2025.5,2.0234375
-1,29400,RAINFOREST_RESIN,10002,1,9996,1,9995,25,10004,1,10005,25,,,10003,578
-1,29500,RAINFOREST_RESIN,9996,2,9995,27,,,10004,2,10005,27,,,10000,580
-1,29500,KELP,2024,31,,,,,2027,29,,,,,2025.5,1.66015625
-1,29600,RAINFOREST_RESIN,9996,2,9995,28,,,10004,2,10005,28,,,10000,580
-1,29600,KELP,2024,2,2023,28,,,2025,3,2027,30,,,2024.5,7.96875
-1,29700,KELP,2024,28,,,,,2027,26,,,,,2025.5,-3.39453125
-1,29700,RAINFOREST_RESIN,9996,1,9995,25,,,10002,4,10004,1,10005,25,9999,580
-1,29800,KELP,2024,31,,,,,2026,1,2027,1,2028,30,2025,-5.09765625
-1,29800,RAINFOREST_RESIN,9998,6,9996,1,9995,30,10004,1,10005,30,,,10001,580
-1,29900,RAINFOREST_RESIN,9995,21,,,,,10005,21,,,,,10000,580
-1,29900,KELP,2025,8,2024,21,,,2028,21,,,,,2026.5,-6.31640625
-1,30000,RAINFOREST_RESIN,9998,3,9996,1,9995,30,10004,1,10005,30,,,10001,580
-1,30000,KELP,2024,31,,,,,2028,31,,,,,2026,-8.2421875
-1,30100,KELP,2024,30,,,,,2027,30,,,,,2025.5,-2.953125
-1,30100,RAINFOREST_RESIN,9996,2,9995,28,,,10004,2,10005,28,,,10000,584
-1,30200,KELP,2024,22,,,,,2027,22,,,,,2025.5,-4.48828125
-1,30200,RAINFOREST_RESIN,9996,2,9995,20,,,10004,2,10005,20,,,10000,584
-1,30300,RAINFOREST_RESIN,9996,2,9995,29,,,10002,9,10004,2,10005,29,9999,584
-1,30300,KELP,2026,1,2024,31,,,2027,31,,,,,2026.5,-1.8359375
-1,30400,RAINFOREST_RESIN,10000,5,9996,2,9995,29,10002,8,10004,2,10005,29,10001,584
-1,30400,KELP,2025,5,2024,31,,,2027,31,,,,,2026,1.171875
-1,30500,KELP,2024,22,,,,,2027,22,,,,,2025.5,6.2421875
-1,30500,RAINFOREST_RESIN,9998,5,9996,2,9995,20,10004,2,10005,20,,,10001,584
-1,30600,KELP,2024,1,2023,20,,,2027,22,,,,,2025.5,7.48828125
-1,30600,RAINFOREST_RESIN,9996,2,9995,20,,,10002,4,10004,2,10005,20,9999,584
-1,30700,RAINFOREST_RESIN,9995,30,,,,,10005,30,,,,,10000,585
-1,30700,KELP,2024,30,,,,,2027,30,,,,,2025.5,6.23828125
-1,30800,RAINFOREST_RESIN,9996,1,9995,30,,,10004,1,10005,30,,,10000,585
-1,30800,KELP,2024,4,2023,30,,,2027,31,,,,,2025.5,7.046875
-1,30900,KELP,2023,30,,,,,2025,7,2026,30,,,2024,18.5625
-1,30900,RAINFOREST_RESIN,9996,2,9995,28,,,10002,6,10004,2,10005,28,9999,585
-1,31000,KELP,2024,4,2023,30,,,2026,23,,,,,2025,17.1015625
-1,31000,RAINFOREST_RESIN,10000,4,9996,1,9995,22,10004,1,10005,22,,,10002,585
-1,31100,RAINFOREST_RESIN,9996,2,9995,27,,,10004,2,10005,27,,,10000,585
-1,31100,KELP,2023,29,,,,,2026,2,2027,27,,,2024.5,15.0546875
-1,31200,RAINFOREST_RESIN,9996,2,9995,29,,,10002,6,10004,2,10005,29,9999,585
-1,31200,KELP,2023,31,,,,,2026,31,,,,,2024.5,15.69921875
-1,31300,KELP,2023,24,,,,,2026,24,,,,,2024.5,16.2578125
-1,31300,RAINFOREST_RESIN,9996,1,9995,23,,,10004,1,10005,23,,,10000,585
-1,31400,KELP,2023,26,,,,,2026,26,,,,,2024.5,20.3203125
-1,31400,RAINFOREST_RESIN,9995,26,,,,,9998,1,10005,26,,,9996.5,585
-1,31500,RAINFOREST_RESIN,9995,30,,,,,10005,30,,,,,10000,587
-1,31500,KELP,2023,35,,,,,2026,30,,,,,2024.5,19.10546875
-1,31600,RAINFOREST_RESIN,9995,27,,,,,10005,27,,,,,10000,587
-1,31600,KELP,2025,1,2023,27,,,2026,27,,,,,2025.5,17.234375
-1,31700,KELP,2023,24,,,,,2025,3,2026,24,,,2024,16.796875
-1,31700,RAINFOREST_RESIN,9996,2,9995,22,,,10004,2,10005,22,,,10000,587
-1,31800,KELP,2024,6,2023,26,,,2026,1,2027,25,,,2025,13.53125
-1,31800,RAINFOREST_RESIN,10000,6,9996,1,9995,25,10004,1,10005,25,,,10002,587
-1,31900,RAINFOREST_RESIN,9998,3,9995,28,,,10005,28,,,,,10001.5,587
-1,31900,KELP,2024,4,2023,28,,,2027,28,,,,,2025.5,13.265625
-1,32000,RAINFOREST_RESIN,9996,1,9995,24,,,10004,1,10005,24,,,10000,595
-1,32000,KELP,2024,2,2023,25,,,2026,1,2027,24,,,2025,14.43359375
-1,32100,KELP,2023,29,,,,,2026,29,,,,,2024.5,20.890625
-1,32100,RAINFOREST_RESIN,9996,1,9995,28,,,10004,1,10005,28,,,10000,595
-1,32200,KELP,2023,28,,,,,2027,28,,,,,2025,12.0703125
-1,32200,RAINFOREST_RESIN,9996,1,9995,27,,,10004,1,10005,27,,,10000,595
-1,32300,RAINFOREST_RESIN,9995,25,,,,,10005,25,,,,,10000,595
-1,32300,KELP,2023,25,,,,,2026,25,,,,,2024.5,17.80078125
-1,32400,RAINFOREST_RESIN,9996,1,9995,30,,,10004,1,10005,30,,,10000,595
-1,32400,KELP,2023,30,,,,,2026,1,2027,30,,,2024.5,14.76953125
-1,32500,KELP,2023,21,,,,,2025,5,2027,22,,,2024,12.16796875
-1,32500,RAINFOREST_RESIN,9998,1,9996,1,9995,21,10004,1,10005,21,,,10001,595
-1,32600,KELP,2023,30,,,,,2027,30,,,,,2025,10.921875
-1,32600,RAINFOREST_RESIN,10002,1,9995,30,,,10005,30,,,,,10003.5,595
-1,32700,RAINFOREST_RESIN,9996,2,9995,22,,,10004,2,10005,22,,,10000,605
-1,32700,KELP,2023,24,,,,,2026,2,2027,22,,,2024.5,13.34765625
-1,32800,RAINFOREST_RESIN,9996,2,9995,28,,,10004,2,10005,28,,,10000,605
-1,32800,KELP,2023,30,,,,,2026,2,2027,28,,,2024.5,13.796875
-1,32900,KELP,2023,29,,,,,2026,2,2027,27,,,2024.5,15.2109375
-1,32900,RAINFOREST_RESIN,9996,2,9995,27,,,10004,2,10005,27,,,10000,632
-1,33000,KELP,2025,1,2023,30,,,2026,30,,,,,2025.5,17.4140625
-1,33000,RAINFOREST_RESIN,9996,2,9995,28,,,10004,2,10005,28,,,10000,632
-1,33100,RAINFOREST_RESIN,9996,1,9995,28,,,10004,1,10005,28,,,10000,632
-1,33100,KELP,2023,28,,,,,2025,3,2026,29,,,2024,17.18359375
-1,33200,RAINFOREST_RESIN,9996,1,9995,20,,,10002,7,10004,1,10005,20,9999,632
-1,33200,KELP,2023,20,,,,,2024,10,2026,1,2027,20,2023.5,13.5703125
-1,33300,KELP,2024,1,2023,20,,,2027,21,,,,,2025.5,7.16796875
-1,33300,RAINFOREST_RESIN,9996,1,9995,20,,,10004,1,10005,20,,,10000,632
-1,33400,KELP,2023,32,,,,,2027,32,,,,,2025,9.66796875
-1,33400,RAINFOREST_RESIN,9996,2,9995,30,,,10002,3,10004,2,10005,30,9999,632
-1,33500,RAINFOREST_RESIN,9996,1,9995,20,,,10004,1,10005,20,,,10000,632
-1,33500,KELP,2023,21,,,,,2026,21,,,,,2024.5,18.703125
-1,33600,RAINFOREST_RESIN,10002,6,9995,27,,,10005,27,,,,,10003.5,635
-1,33600,KELP,2023,27,,,,,2026,27,,,,,2024.5,20.03515625
-1,33700,KELP,2023,32,,,,,2026,28,,,,,2024.5,22.078125
-1,33700,RAINFOREST_RESIN,9996,1,9995,27,,,10002,1,10004,1,10005,27,9999,647
-1,33800,KELP,2024,3,2023,31,,,2026,26,,,,,2025,25.171875
-1,33800,RAINFOREST_RESIN,9996,1,9995,25,,,10004,1,10005,25,,,10000,647
-1,33900,RAINFOREST_RESIN,9995,24,,,,,10005,24,,,,,10000,647
-1,33900,KELP,2023,24,,,,,2026,24,,,,,2024.5,22.078125
-1,34000,RAINFOREST_RESIN,10002,1,9995,30,,,10005,30,,,,,10003.5,647
-1,34000,KELP,2023,29,,,,,2025,8,2026,30,,,2024,21.09375
-1,34100,KELP,2023,25,,,,,2026,23,,,,,2024.5,23.85546875
-1,34100,RAINFOREST_RESIN,9996,1,9995,22,,,10004,1,10005,22,,,10000,649
-1,34200,KELP,2022,23,,,,,2024,1,2026,23,,,2023,30.7734375
-1,34200,RAINFOREST_RESIN,9995,23,,,,,10005,23,,,,,10000,658
-1,34300,RAINFOREST_RESIN,10002,1,9996,1,9995,22,10004,1,10005,22,,,10003,658
-1,34300,KELP,2022,23,,,,,2026,23,,,,,2024,41.111328125
-1,34400,RAINFOREST_RESIN,9996,2,9995,23,,,10004,2,10005,23,,,10000,660
-1,34400,KELP,2023,3,2022,25,,,2025,2,2026,23,,,2024,41.353515625
-1,34500,KELP,2022,30,,,,,2023,5,2024,1,2026,30,2022.5,41.265625
-1,34500,RAINFOREST_RESIN,9995,30,,,,,10005,30,,,,,10000,660
-1,34600,KELP,2022,29,,,,,2023,1,2026,29,,,2022.5,39.13671875
-1,34600,RAINFOREST_RESIN,9995,29,,,,,10005,29,,,,,10000,660
-1,34700,RAINFOREST_RESIN,9998,6,9995,24,,,10005,24,,,,,10001.5,660
-1,34700,KELP,2023,24,,,,,2026,24,,,,,2024.5,37.546875
-1,34800,RAINFOREST_RESIN,9996,2,9995,23,,,10004,2,10005,23,,,10000,660
-1,34800,KELP,2023,2,2022,23,,,2026,25,,,,,2024.5,38.630859375
-1,34900,KELP,2023,21,,,,,2026,21,,,,,2024.5,37.2890625
-1,34900,RAINFOREST_RESIN,9996,1,9995,20,,,10004,1,10005,20,,,10000,660
-1,35000,RAINFOREST_RESIN,10002,1,9995,20,,,10005,20,,,,,10003.5,660
-1,35000,KELP,2025,1,2023,20,,,2026,20,,,,,2025.5,31.365234375
-1,35100,KELP,2023,31,,,,,2026,31,,,,,2024.5,35.123046875
-1,35100,RAINFOREST_RESIN,10002,3,9996,2,9995,29,10004,2,10005,29,,,10003,662
-1,35200,RAINFOREST_RESIN,9996,2,9995,28,,,10002,10,10004,2,10005,28,9999,668
-1,35200,KELP,2023,33,,,,,2026,30,,,,,2024.5,33.083984375
-1,35300,KELP,2023,20,,,,,2026,28,,,,,2024.5,37.099609375
-1,35300,RAINFOREST_RESIN,9998,6,9996,1,9995,27,10004,1,10005,27,,,10001,668
-1,35400,RAINFOREST_RESIN,10002,3,9995,25,,,10005,25,,,,,10003.5,668
-1,35400,KELP,2025,1,2023,27,,,2026,25,,,,,2025.5,37.595703125
-1,35500,KELP,2023,28,,,,,2026,28,,,,,2024.5,37.79296875
-1,35500,RAINFOREST_RESIN,9996,2,9995,26,,,10004,2,10005,26,,,10000,674
-1,35600,RAINFOREST_RESIN,9995,26,,,,,10005,26,,,,,10000,674
-1,35600,KELP,2023,26,,,,,2026,26,,,,,2024.5,38.732421875
-1,35700,KELP,2023,29,,,,,2026,29,,,,,2024.5,37.404296875
-1,35700,RAINFOREST_RESIN,9996,2,9995,27,,,10004,2,10005,27,,,10000,674
-1,35800,RAINFOREST_RESIN,9998,7,9996,1,9995,30,10004,1,10005,30,,,10001,674
-1,35800,KELP,2023,29,,,,,2026,31,,,,,2024.5,37.67578125
-1,35900,KELP,2023,2,2022,21,,,2026,23,,,,,2024.5,40.21484375
-1,35900,RAINFOREST_RESIN,9996,2,9995,21,,,10004,2,10005,21,,,10000,674
-1,36000,RAINFOREST_RESIN,9995,30,,,,,10002,5,10005,30,,,9998.5,674
-1,36000,KELP,2022,30,,,,,2024,3,2026,30,,,2023,40.16015625
-1,36100,KELP,2022,26,,,,,2025,2,2026,24,,,2023.5,43.775390625
-1,36100,RAINFOREST_RESIN,10002,8,9996,2,9995,24,10004,2,10005,24,,,10003,674
-1,36200,RAINFOREST_RESIN,9996,1,9995,29,,,9998,1,10004,1,10005,29,9997,690
-1,36200,KELP,2022,30,,,,,2025,1,2026,29,,,2023.5,43.662109375
-1,36300,KELP,2022,22,,,,,2024,6,2025,22,,,2023,44.890625
-1,36300,RAINFOREST_RESIN,9996,1,9995,21,,,10004,1,10005,21,,,10000,692
-1,36400,RAINFOREST_RESIN,9998,1,9996,1,9995,20,10004,1,10005,20,,,10001,692
-1,36400,KELP,2024,1,2023,3,2022,21,2025,1,2026,20,,,2024.5,44.365234375
-1,36500,KELP,2022,25,,,,,2023,2,2025,25,,,2022.5,46.96875
-1,36500,RAINFOREST_RESIN,9995,25,,,,,10005,25,,,,,10000,692
-1,36600,RAINFOREST_RESIN,9996,1,9995,28,,,10004,1,10005,28,,,10000,692
-1,36600,KELP,2022,29,,,,,2025,29,,,,,2023.5,45.44140625
-1,36700,KELP,2021,21,,,,,2025,21,,,,,2023,57.796875
-1,36700,RAINFOREST_RESIN,9995,21,,,,,10005,21,,,,,10000,692
-1,36800,RAINFOREST_RESIN,9995,30,,,,,10005,30,,,,,10000,692
-1,36800,KELP,2021,30,,,,,2025,30,,,,,2023,56.73046875
-1,36900,KELP,2021,27,,,,,2024,27,,,,,2022.5,65.546875
-1,36900,RAINFOREST_RESIN,9996,1,9995,26,,,10004,1,10005,26,,,10000,692
-1,37000,RAINFOREST_RESIN,9996,2,9995,23,,,10004,2,10005,23,,,10000,692
-1,37000,KELP,2020,25,,,,,2024,25,,,,,2022,70.873046875
-1,37100,KELP,2021,27,,,,,2024,23,,,,,2022.5,61.958984375
-1,37100,RAINFOREST_RESIN,9996,2,9995,21,,,10004,2,10005,21,,,10000,692
-1,37200,RAINFOREST_RESIN,9996,1,9995,20,,,10004,1,10005,20,,,10000,692
-1,37200,KELP,2021,25,,,,,2024,21,,,,,2022.5,62.818359375
-1,37300,KELP,2022,4,2021,28,,,2024,1,2025,27,,,2023,58.63671875
-1,37300,RAINFOREST_RESIN,9996,1,9995,27,,,9998,10,10002,4,10004,1,9997,692
-1,37400,RAINFOREST_RESIN,10002,1,9998,2,9995,30,10005,30,,,,,10003.5,712
-1,37400,KELP,2021,30,,,,,2024,30,,,,,2022.5,60.02734375
-1,37500,KELP,2020,27,,,,,2024,27,,,,,2022,69.9921875
-1,37500,RAINFOREST_RESIN,9996,2,9995,25,,,10004,2,10005,25,,,10000,714
-1,37600,KELP,2020,22,,,,,2024,22,,,,,2022,72.8515625
-1,37600,RAINFOREST_RESIN,9995,22,,,,,10002,7,10005,22,,,9998.5,717
-1,37700,RAINFOREST_RESIN,9996,1,9995,23,,,10004,1,10005,23,,,10000,717
-1,37700,KELP,2020,24,,,,,2024,24,,,,,2022,72.318359375
-1,37800,RAINFOREST_RESIN,9995,25,,,,,10005,25,,,,,10000,717
-1,37800,KELP,2020,24,,,,,2024,25,,,,,2022,73.599609375
-1,37900,KELP,2019,25,,,,,2023,25,,,,,2021,84.05859375
-1,37900,RAINFOREST_RESIN,9995,25,,,,,10005,25,,,,,10000,717
-1,38000,KELP,2019,32,,,,,2021,4,2023,32,,,2020,84.173828125
-1,38000,RAINFOREST_RESIN,10002,1,9996,2,9995,30,10004,2,10005,30,,,10003,717
-1,38100,RAINFOREST_RESIN,9996,2,9995,26,,,10002,2,10004,2,10005,26,9999,719
-1,38100,KELP,2019,28,,,,,2022,2,2023,26,,,2020.5,86.05859375
-1,38200,RAINFOREST_RESIN,9996,1,9995,27,,,10004,1,10005,27,,,10000,719
-1,38200,KELP,2019,28,,,,,2023,28,,,,,2021,82.716796875
-1,38300,KELP,2019,26,,,,,2022,26,,,,,2020.5,87.392578125
-1,38300,RAINFOREST_RESIN,9998,5,9995,26,,,10005,26,,,,,10001.5,719
-1,38400,KELP,2019,24,,,,,2020,6,2022,24,,,2019.5,87.951171875
-1,38400,RAINFOREST_RESIN,9996,1,9995,23,,,10000,6,10004,1,10005,23,9998,719
-1,38500,RAINFOREST_RESIN,10002,1,9995,21,,,10005,21,,,,,10003.5,719
-1,38500,KELP,2019,21,,,,,2022,21,,,,,2020.5,89.74609375
-1,38600,RAINFOREST_RESIN,9996,2,9995,28,,,10004,2,10005,28,,,10000,721
-1,38600,KELP,2019,30,,,,,2022,30,,,,,2020.5,89.05859375
-1,38700,KELP,2019,20,,,,,2022,20,,,,,2020.5,88.490234375
-1,38700,RAINFOREST_RESIN,9995,20,,,,,10005,20,,,,,10000,724
-1,38800,KELP,2019,21,,,,,2020,2,2021,1,2022,21,2019.5,88.4609375
-1,38800,RAINFOREST_RESIN,9996,1,9995,20,,,10002,1,10004,1,10005,20,9999,724
-1,38900,RAINFOREST_RESIN,9996,2,9995,30,,,10004,2,10005,30,,,10000,748
-1,38900,KELP,2019,32,,,,,2021,7,2022,2,2023,30,2020,86.623046875
-1,39000,RAINFOREST_RESIN,9995,23,,,,,10002,9,10005,23,,,9998.5,748
-1,39000,KELP,2019,23,,,,,2023,23,,,,,2021,84.0546875
-1,39100,KELP,2020,25,,,,,2023,25,,,,,2021.5,78.107421875
-1,39100,RAINFOREST_RESIN,9998,8,9996,1,9995,24,10004,1,10005,24,,,10001,748
-1,39200,KELP,2020,30,,,,,2022,2,2023,30,,,2021,76.7421875
-1,39200,RAINFOREST_RESIN,9996,1,9995,29,,,10004,1,10005,29,,,10000,748
-1,39300,RAINFOREST_RESIN,9995,27,,,,,10005,27,,,,,10000,748
-1,39300,KELP,2020,27,,,,,2023,27,,,,,2021.5,69.8359375
-1,39400,RAINFOREST_RESIN,9996,1,9995,30,,,10004,1,10005,30,,,10000,748
-1,39400,KELP,2020,31,,,,,2022,5,2023,31,,,2021,76.77734375
-1,39500,KELP,2019,27,,,,,2021,3,2022,27,,,2020,92.8359375
-1,39500,RAINFOREST_RESIN,9995,27,,,,,9998,1,10002,2,10005,27,9996.5,751
-1,39600,KELP,2021,4,2019,23,,,2023,23,,,,,2022,86.1796875
-1,39600,RAINFOREST_RESIN,9995,23,,,,,10005,23,,,,,10000,753
-1,39700,RAINFOREST_RESIN,9996,2,9995,22,,,10004,2,10005,22,,,10000,753
-1,39700,KELP,2019,28,,,,,2022,2,2023,22,,,2020.5,87.9140625
-1,39800,RAINFOREST_RESIN,9996,1,9995,27,,,10004,1,10005,27,,,10000,753
-1,39800,KELP,2019,28,,,,,2022,1,2023,27,,,2020.5,88.04296875
-1,39900,KELP,2019,31,,,,,2022,31,,,,,2020.5,93.5
-1,39900,RAINFOREST_RESIN,9996,1,9995,30,,,10002,4,10004,1,10005,30,9999,753
-1,40000,KELP,2018,22,,,,,2022,22,,,,,2020,100.25390625
-1,40000,RAINFOREST_RESIN,9995,22,,,,,10005,22,,,,,10000,753
-1,40100,RAINFOREST_RESIN,9996,2,9995,29,,,10002,8,10004,2,10005,29,9999,753
-1,40100,KELP,2019,31,,,,,2022,31,,,,,2020.5,93.796875
-1,40200,RAINFOREST_RESIN,9996,1,9995,28,,,10004,1,10005,28,,,10000,753
-1,40200,KELP,2019,1,2018,28,,,2022,29,,,,,2020.5,100.59765625
-1,40300,KELP,2019,22,,,,,2022,22,,,,,2020.5,97.83203125
-1,40300,RAINFOREST_RESIN,9995,22,,,,,9998,1,10005,22,,,9996.5,753
-1,40400,KELP,2018,24,,,,,2022,24,,,,,2020,102.78515625
-1,40400,RAINFOREST_RESIN,9996,1,9995,23,,,10004,1,10005,23,,,10000,755
-1,40500,RAINFOREST_RESIN,10002,1,9996,2,9995,27,10004,2,10005,27,,,10003,755
-1,40500,KELP,2019,1,2018,27,,,2022,29,,,,,2020.5,101.33984375
-1,40600,RAINFOREST_RESIN,9996,2,9995,24,,,10004,2,10005,24,,,10000,757
-1,40600,KELP,2019,4,2018,26,,,2022,26,,,,,2020.5,104.05078125
-1,40700,KELP,2018,22,,,,,2021,22,,,,,2019.5,115.3125
-1,40700,RAINFOREST_RESIN,9998,7,9996,2,9995,20,10004,2,10005,20,,,10001,757
-1,40800,KELP,2018,27,,,,,2021,27,,,,,2019.5,110.6640625
-1,40800,RAINFOREST_RESIN,9995,27,,,,,10005,27,,,,,10000,757
-1,40900,RAINFOREST_RESIN,9998,10,9996,2,9995,26,10004,2,10005,26,,,10001,757
-1,40900,KELP,2017,28,,,,,2021,28,,,,,2019,122.5
-1,41000,RAINFOREST_RESIN,9995,21,,,,,10002,10,10005,21,,,9998.5,791
-1,41000,KELP,2018,20,,,,,2020,3,2021,21,,,2019,113.66796875
-1,41100,KELP,2018,24,,,,,2021,27,,,,,2019.5,114.578125
-1,41100,RAINFOREST_RESIN,9995,27,,,,,10005,27,,,,,10000,791
-1,41200,KELP,2018,29,,,,,2021,29,,,,,2019.5,114.8515625
-1,41200,RAINFOREST_RESIN,9995,29,,,,,10005,29,,,,,10000,791
-1,41300,RAINFOREST_RESIN,9998,2,9996,1,9995,24,10004,1,10005,24,,,10001,791
-1,41300,KELP,2017,25,,,,,2019,4,2021,25,,,2018,124.8984375
-1,41400,RAINFOREST_RESIN,9998,5,9996,2,9995,23,10000,4,10004,2,10005,23,9999,791
-1,41400,KELP,2017,25,,,,,2018,4,2019,5,2020,25,2017.5,138.16015625
-1,41500,KELP,2017,22,,,,,2019,1,2021,22,,,2018,126.4140625
-1,41500,RAINFOREST_RESIN,9998,8,9996,2,9995,20,10004,2,10005,20,,,10001,791
-1,41600,KELP,2017,23,,,,,2019,7,2020,1,2021,22,2018,127.75390625
-1,41600,RAINFOREST_RESIN,9996,1,9995,22,,,10004,1,10005,22,,,10000,791
-1,41700,RAINFOREST_RESIN,10000,5,9995,21,,,10005,21,,,,,10002.5,791
-1,41700,KELP,2019,4,2017,21,,,2021,21,,,,,2020,124.2265625
-1,41800,RAINFOREST_RESIN,9996,2,9995,22,,,10004,2,10005,22,,,10000,791
-1,41800,KELP,2018,24,,,,,2021,24,,,,,2019.5,116.2890625
-1,41900,KELP,2018,22,,,,,2020,1,2021,22,,,2019,115.33203125
-1,41900,RAINFOREST_RESIN,9996,1,9995,21,,,9998,4,10004,1,10005,21,9997,791
-1,42000,KELP,2018,31,,,,,2020,5,2021,32,,,2019,111.84765625
-1,42000,RAINFOREST_RESIN,9996,2,9995,30,,,10004,2,10005,30,,,10000,799
-1,42100,RAINFOREST_RESIN,9998,8,9996,2,9995,21,10004,2,10005,21,,,10001,799
-1,42100,KELP,2018,23,,,,,2021,2,2022,21,,,2019.5,108.578125
-1,42200,RAINFOREST_RESIN,10002,1,9995,28,,,10005,28,,,,,10003.5,799
-1,42200,KELP,2018,28,,,,,2022,28,,,,,2020,107.6640625
-1,42300,KELP,2018,20,,,,,2019,7,2020,2,2022,20,2018.5,106.6640625
-1,42300,RAINFOREST_RESIN,9995,20,,,,,10005,20,,,,,10000,801
-1,42400,KELP,2019,30,,,,,2022,31,,,,,2020.5,99.59375
-1,42400,RAINFOREST_RESIN,9996,2,9995,29,,,10004,2,10005,29,,,10000,801
-1,42500,RAINFOREST_RESIN,9995,24,,,,,10002,3,10005,24,,,9998.5,801
-1,42500,KELP,2019,24,,,,,2022,24,,,,,2020.5,100.1484375
-1,42600,RAINFOREST_RESIN,9995,26,,,,,10005,26,,,,,10000,817
-1,42600,KELP,2019,26,,,,,2022,26,,,,,2020.5,98.16796875
-1,42700,KELP,2018,26,,,,,2022,26,,,,,2020,104.6796875
-1,42700,RAINFOREST_RESIN,9995,26,,,,,10005,26,,,,,10000,825
-1,42800,KELP,2019,30,,,,,2022,30,,,,,2020.5,99.80859375
-1,42800,RAINFOREST_RESIN,9995,30,,,,,10005,30,,,,,10000,825
-1,42900,RAINFOREST_RESIN,9995,25,,,,,10005,25,,,,,10000,825
-1,42900,KELP,2019,25,,,,,2022,25,,,,,2020.5,95.19921875
-1,43000,RAINFOREST_RESIN,9995,23,,,,,10005,23,,,,,10000,833
-1,43000,KELP,2020,2,2019,23,,,2023,23,,,,,2021.5,85.4609375
-1,43100,KELP,2020,21,,,,,2023,21,,,,,2021.5,78.3046875
-1,43100,RAINFOREST_RESIN,9995,21,,,,,10005,21,,,,,10000,833
-1,43200,KELP,2019,21,,,,,2023,21,,,,,2021,83.30078125
-1,43200,RAINFOREST_RESIN,9996,1,9995,20,,,10004,1,10005,20,,,10000,833
-1,43300,RAINFOREST_RESIN,9996,1,9995,24,,,10004,1,10005,24,,,10000,833
-1,43300,KELP,2019,25,,,,,2021,2,2023,25,,,2020,83.4140625
-1,43400,RAINFOREST_RESIN,9996,2,9995,22,,,10004,2,10005,22,,,10000,833
-1,43400,KELP,2021,4,2020,24,,,2023,24,,,,,2022,80.5625
-1,43500,KELP,2020,22,,,,,2022,7,2023,23,,,2021,79.13671875
-1,43500,RAINFOREST_RESIN,9998,7,9995,23,,,10005,23,,,,,10001.5,833
-1,43600,KELP,2020,5,2019,21,,,2023,23,,,,,2021.5,81.6640625
-1,43600,RAINFOREST_RESIN,9996,2,9995,21,,,10002,9,10004,2,10005,21,9999,833
-1,43700,KELP,2020,24,,,,,2023,24,,,,,2021.5,79.80859375
-1,43700,RAINFOREST_RESIN,9996,1,9995,23,,,10004,1,10005,23,,,10000,833
-1,43800,RAINFOREST_RESIN,9996,2,9995,26,,,10004,2,10005,26,,,10000,833
-1,43800,KELP,2020,35,,,,,2023,28,,,,,2021.5,76.77734375
-1,43900,KELP,2020,36,,,,,2023,30,,,,,2021.5,80.44140625
-1,43900,RAINFOREST_RESIN,10002,4,9998,2,9996,1,10004,1,10005,29,,,10003,833
-1,44000,RAINFOREST_RESIN,9996,2,9995,20,,,10004,2,10005,20,,,10000,841
-1,44000,KELP,2020,22,,,,,2022,3,2023,22,,,2021,76.5
-1,44100,KELP,2019,24,,,,,2023,24,,,,,2021,86.3203125
-1,44100,RAINFOREST_RESIN,9995,24,,,,,9998,1,10002,2,10005,24,9996.5,841
-1,44200,RAINFOREST_RESIN,9995,21,,,,,10005,21,,,,,10000,843
-1,44200,KELP,2019,21,,,,,2023,21,,,,,2021,87.28125
-1,44300,KELP,2019,27,,,,,2023,27,,,,,2021,85.90234375
-1,44300,RAINFOREST_RESIN,9995,27,,,,,10005,27,,,,,10000,843
-1,44400,RAINFOREST_RESIN,9998,7,9995,28,,,10005,28,,,,,10001.5,843
-1,44400,KELP,2018,28,,,,,2022,28,,,,,2020,102.296875
-1,44500,KELP,2021,1,2019,2,2018,21,2022,21,,,,,2021.5,101.4453125
-1,44500,RAINFOREST_RESIN,9995,21,,,,,10005,21,,,,,10000,843
-1,44600,RAINFOREST_RESIN,9996,1,9995,23,,,10004,1,10005,23,,,10000,843
-1,44600,KELP,2019,24,,,,,2022,24,,,,,2020.5,97.8359375
-1,44700,KELP,2019,29,,,,,2022,29,,,,,2020.5,98.765625
-1,44700,RAINFOREST_RESIN,9995,29,,,,,10002,10,10005,29,,,9998.5,843
-1,44800,RAINFOREST_RESIN,9995,29,,,,,9998,1,10002,10,10005,29,9996.5,843
-1,44800,KELP,2018,29,,,,,2022,29,,,,,2020,102.78125
-1,44900,KELP,2019,1,2018,26,,,2022,26,,,,,2020.5,104.25390625
-1,44900,RAINFOREST_RESIN,9996,1,9995,25,,,10004,1,10005,25,,,10000,845
-1,45000,RAINFOREST_RESIN,10002,1,9996,2,9995,24,10004,2,10005,24,,,10003,845
-1,45000,KELP,2018,26,,,,,2022,26,,,,,2020,103.859375
-1,45100,KELP,2019,27,,,,,2021,5,2022,27,,,2020,99.515625
-1,45100,RAINFOREST_RESIN,9996,1,9995,26,,,10004,1,10005,26,,,10000,847
-1,45200,RAINFOREST_RESIN,9996,1,9995,28,,,10004,1,10005,28,,,10000,847
-1,45200,KELP,2019,29,,,,,2021,6,2022,29,,,2020,100.4140625
-1,45300,KELP,2018,26,,,,,2021,22,,,,,2019.5,110.453125
-1,45300,RAINFOREST_RESIN,9995,22,,,,,10005,22,,,,,10000,847
-1,45400,RAINFOREST_RESIN,9996,2,9995,21,,,9998,1,10004,2,10005,21,9997,847
-1,45400,KELP,2018,22,,,,,2020,2,2021,23,,,2019,116.4765625
-1,45500,KELP,2018,25,,,,,2019,3,2021,25,,,2018.5,114.7421875
-1,45500,RAINFOREST_RESIN,9996,1,9995,24,,,10000,3,10004,1,10005,24,9998,849
-1,45600,RAINFOREST_RESIN,9995,26,,,,,10002,5,10005,26,,,9998.5,849
-1,45600,KELP,2018,33,,,,,2021,26,,,,,2019.5,112.7734375
-1,45700,KELP,2018,24,,,,,2021,24,,,,,2019.5,112.50390625
-1,45700,RAINFOREST_RESIN,9995,24,,,,,10005,24,,,,,10000,849
-1,45800,RAINFOREST_RESIN,9996,1,9995,27,,,10004,1,10005,27,,,10000,849
-1,45800,KELP,2018,27,,,,,2021,28,,,,,2019.5,111.22265625
-1,45900,KELP,2019,4,2018,31,,,2022,31,,,,,2020.5,105.7265625
-1,45900,RAINFOREST_RESIN,9996,1,9995,30,,,10004,1,10005,30,,,10000,849
-1,46000,RAINFOREST_RESIN,9996,2,9995,24,,,10004,2,10005,24,,,10000,855
-1,46000,KELP,2019,2,2018,24,,,2022,26,,,,,2020.5,100.98046875
-1,46100,KELP,2019,25,,,,,2022,25,,,,,2020.5,99.3125
-1,46100,RAINFOREST_RESIN,9998,6,9996,2,9995,23,10004,2,10005,23,,,10001,855
-1,46200,RAINFOREST_RESIN,9998,2,9996,1,9995,27,10004,1,10005,27,,,10001,855
-1,46200,KELP,2018,28,,,,,2021,1,2022,27,,,2019.5,107.80859375
-1,46300,KELP,2018,29,,,,,2021,29,,,,,2019.5,112.640625
-1,46300,RAINFOREST_RESIN,9996,2,9995,27,,,10004,2,10005,27,,,10000,855
-1,46400,RAINFOREST_RESIN,9995,22,,,,,10005,22,,,,,10000,855
-1,46400,KELP,2018,22,,,,,2022,22,,,,,2020,108.30078125
-1,46500,KELP,2019,6,2018,31,,,2021,31,,,,,2020,109.44140625
-1,46500,RAINFOREST_RESIN,10000,6,9996,1,9995,30,10004,1,10005,30,,,10002,855
-1,46600,KELP,2019,3,2018,28,,,2021,1,2022,27,,,2020,107.66015625
-1,46600,RAINFOREST_RESIN,9998,10,9996,1,9995,27,10004,1,10005,27,,,10001,855
-1,46700,RAINFOREST_RESIN,9995,26,,,,,10005,26,,,,,10000,857
-1,46700,KELP,2019,26,,,,,2022,26,,,,,2020.5,100.07421875
-1,46800,RAINFOREST_RESIN,9996,1,9995,21,,,10004,1,10005,21,,,10000,857
-1,46800,KELP,2019,22,,,,,2022,22,,,,,2020.5,95.11328125
-1,46900,KELP,2021,1,2019,32,,,2022,32,,,,,2021.5,99.55078125
-1,46900,RAINFOREST_RESIN,9996,2,9995,30,,,10004,2,10005,30,,,10000,857
-1,47000,KELP,2019,21,,,,,2022,21,,,,,2020.5,98.0703125
-1,47000,RAINFOREST_RESIN,9996,1,9995,20,,,10004,1,10005,20,,,10000,857
-1,47100,RAINFOREST_RESIN,9996,2,9995,24,,,9998,1,10004,2,10005,24,9997,857
-1,47100,KELP,2019,22,,,,,2022,26,,,,,2020.5,99.53125
-1,47200,RAINFOREST_RESIN,10002,1,9996,2,9995,28,10004,2,10005,28,,,10003,859
-1,47200,KELP,2019,30,,,,,2022,30,,,,,2020.5,98.9765625
-1,47300,KELP,2019,25,,,,,2021,1,2022,25,,,2020,97.3828125
-1,47300,RAINFOREST_RESIN,10002,1,9998,3,9995,25,10005,25,,,,,10003.5,861
-1,47400,KELP,2019,25,,,,,2022,24,,,,,2020.5,93.48046875
-1,47400,RAINFOREST_RESIN,9995,24,,,,,10002,9,10005,24,,,9998.5,863
-1,47500,RAINFOREST_RESIN,9995,30,,,,,10002,1,10005,30,,,9998.5,863
-1,47500,KELP,2019,30,,,,,2021,6,2022,30,,,2020,93.92578125
-1,47600,RAINFOREST_RESIN,9996,1,9995,27,,,10004,1,10005,27,,,10000,863
-1,47600,KELP,2019,28,,,,,2022,28,,,,,2020.5,90.46484375
-1,47700,KELP,2019,23,,,,,2022,23,,,,,2020.5,89.66796875
-1,47700,RAINFOREST_RESIN,9996,1,9995,22,,,10002,8,10004,1,10005,22,9999,863
-1,47800,KELP,2019,23,,,,,2022,1,2023,22,,,2020.5,88.63671875
-1,47800,RAINFOREST_RESIN,9996,1,9995,22,,,10002,8,10004,1,10005,22,9999,863
-1,47900,RAINFOREST_RESIN,10002,1,9995,27,,,10005,27,,,,,10003.5,863
-1,47900,KELP,2019,27,,,,,2023,27,,,,,2021,88.29296875
-1,48000,RAINFOREST_RESIN,9995,27,,,,,10005,27,,,,,10000,865
-1,48000,KELP,2019,27,,,,,2023,27,,,,,2021,88.671875
-1,48100,KELP,2019,22,,,,,2022,21,,,,,2020.5,92.27734375
-1,48100,RAINFOREST_RESIN,9995,21,,,,,10002,9,10005,21,,,9998.5,865
-1,48200,KELP,2019,25,,,,,2022,25,,,,,2020.5,93.3828125
-1,48200,RAINFOREST_RESIN,9998,5,9995,25,,,10005,25,,,,,10001.5,873
-1,48300,RAINFOREST_RESIN,9996,1,9995,28,,,9998,1,10000,5,10004,1,9997,873
-1,48300,KELP,2018,29,,,,,2019,5,2022,29,,,2018.5,106.7578125
-1,48400,RAINFOREST_RESIN,9995,27,,,,,10002,7,10005,27,,,9998.5,875
-1,48400,KELP,2019,1,2018,27,,,2022,27,,,,,2020.5,109.3046875
-1,48500,KELP,2019,1,2018,29,,,2022,29,,,,,2020.5,110.087890625
-1,48500,RAINFOREST_RESIN,9995,29,,,,,9998,1,10005,29,,,9996.5,875
-1,48600,KELP,2019,1,2018,29,,,2022,29,,,,,2020.5,109.822265625
-1,48600,RAINFOREST_RESIN,9996,1,9995,28,,,10004,1,10005,28,,,10000,877
-1,48700,RAINFOREST_RESIN,9996,1,9995,22,,,10004,1,10005,22,,,10000,880
-1,48700,KELP,2018,23,,,,,2022,23,,,,,2020,110.783203125
-1,48800,RAINFOREST_RESIN,9996,1,9995,23,,,10004,1,10005,23,,,10000,880
-1,48800,KELP,2019,29,,,,,2022,24,,,,,2020.5,106.365234375
-1,48900,KELP,2019,34,,,,,2022,27,,,,,2020.5,104.66015625
-1,48900,RAINFOREST_RESIN,9995,27,,,,,10005,27,,,,,10000,880
-1,49000,KELP,2019,39,,,,,2022,32,,,,,2020.5,106.01953125
-1,49000,RAINFOREST_RESIN,9996,2,9995,30,,,10004,2,10005,30,,,10000,880
-1,49100,RAINFOREST_RESIN,9996,2,9995,30,,,10004,2,10005,30,,,10000,880
-1,49100,KELP,2019,40,,,,,2022,32,,,,,2020.5,101.853515625
-1,49200,RAINFOREST_RESIN,9996,1,9995,20,,,10004,1,10005,20,,,10000,880
-1,49200,KELP,2019,21,,,,,2022,21,,,,,2020.5,105.1953125
-1,49300,KELP,2019,21,,,,,2022,22,,,,,2020.5,106.11328125
-1,49300,RAINFOREST_RESIN,9998,9,9996,1,9995,21,10004,1,10005,21,,,10001,880
-1,49400,KELP,2021,9,2020,5,2019,20,2022,20,,,,,2021.5,108.83203125
-1,49400,RAINFOREST_RESIN,9995,20,,,,,10005,20,,,,,10000,880
-1,49500,RAINFOREST_RESIN,9996,2,9995,30,,,10004,2,10005,30,,,10000,880
-1,49500,KELP,2019,40,,,,,2022,32,,,,,2020.5,105.16015625
-1,49600,RAINFOREST_RESIN,9995,24,,,,,10005,24,,,,,10000,880
-1,49600,KELP,2021,1,2019,24,,,2022,24,,,,,2021.5,101.86328125
-1,49700,KELP,2019,28,,,,,2022,28,,,,,2020.5,102.84375
-1,49700,RAINFOREST_RESIN,9998,7,9996,2,9995,26,10004,2,10005,26,,,10001,880
-1,49800,KELP,2019,25,,,,,2020,5,2023,25,,,2019.5,93.625
-1,49800,RAINFOREST_RESIN,9996,2,9995,23,,,10004,2,10005,23,,,10000,880
-1,49900,RAINFOREST_RESIN,9998,3,9995,23,,,10005,23,,,,,10001.5,880
-1,49900,KELP,2019,23,,,,,2023,23,,,,,2021,95.84765625
-1,50000,RAINFOREST_RESIN,9996,1,9995,20,,,10004,1,10005,20,,,10000,888
-1,50000,KELP,2019,21,,,,,2022,1,2023,20,,,2020.5,97.98046875
-1,50100,KELP,2019,24,,,,,2021,2,2022,24,,,2020,100.55859375
-1,50100,RAINFOREST_RESIN,9995,24,,,,,10005,24,,,,,10000,888
-1,50200,KELP,2019,24,,,,,2023,24,,,,,2021,94.5
-1,50200,RAINFOREST_RESIN,9995,24,,,,,10005,24,,,,,10000,888
-1,50300,RAINFOREST_RESIN,9995,30,,,,,10002,10,10005,30,,,9998.5,888
-1,50300,KELP,2019,30,,,,,2023,30,,,,,2021,92.640625
-1,50400,RAINFOREST_RESIN,9998,4,9996,1,9995,22,10000,2,10004,1,10005,22,9999,888
-1,50400,KELP,2019,23,,,,,2021,3,2023,23,,,2020,93.01953125
-1,50500,KELP,2019,25,,,,,2023,25,,,,,2021,93.703125
-1,50500,RAINFOREST_RESIN,9996,2,9995,23,,,10004,2,10005,23,,,10000,888
-1,50600,KELP,2019,21,,,,,2020,6,2023,23,,,2019.5,92.15234375
-1,50600,RAINFOREST_RESIN,10002,1,9996,2,9995,21,10004,2,10005,21,,,10003,888
-1,50700,RAINFOREST_RESIN,9996,2,9995,22,,,10004,2,10005,22,,,10000,893
-1,50700,KELP,2020,24,,,,,2023,24,,,,,2021.5,90.6875
-1,50800,RAINFOREST_RESIN,10002,5,9996,2,9995,22,10004,2,10005,22,,,10003,893
-1,50800,KELP,2022,1,2020,24,,,2023,24,,,,,2022.5,87.88671875
-1,50900,KELP,2020,28,,,,,2022,4,2023,28,,,2021,86.625
-1,50900,RAINFOREST_RESIN,9996,1,9995,27,,,10004,1,10005,27,,,10000,903
-1,51000,KELP,2020,28,,,,,2023,28,,,,,2021.5,88.4140625
-1,51000,RAINFOREST_RESIN,9996,2,9995,26,,,10004,2,10005,26,,,10000,903
-1,51100,RAINFOREST_RESIN,9998,6,9996,1,9995,25,10004,1,10005,25,,,10001,903
-1,51100,KELP,2020,26,,,,,2023,26,,,,,2021.5,84.5859375
-1,51200,RAINFOREST_RESIN,9996,2,9995,28,,,10004,2,10005,28,,,10000,903
-1,51200,KELP,2020,30,,,,,2023,30,,,,,2021.5,87.04296875
-1,51300,KELP,2020,25,,,,,2023,25,,,,,2021.5,80.0625
-1,51300,RAINFOREST_RESIN,9996,1,9995,24,,,10004,1,10005,24,,,10000,903
-1,51400,KELP,2020,30,,,,,2023,30,,,,,2021.5,84.09375
-1,51400,RAINFOREST_RESIN,9995,30,,,,,10002,3,10005,30,,,9998.5,903
-1,51500,RAINFOREST_RESIN,9995,30,,,,,10005,30,,,,,10000,903
-1,51500,KELP,2022,1,2020,30,,,2023,30,,,,,2022.5,84.5546875
-1,51600,RAINFOREST_RESIN,10000,5,9996,2,9995,22,10002,1,10004,2,10005,22,10001,903
-1,51600,KELP,2021,5,2020,24,,,2023,24,,,,,2022,83.5703125
-1,51700,KELP,2020,16,,,,,2023,20,,,,,2021.5,86.625
-1,51700,RAINFOREST_RESIN,9995,20,,,,,10005,20,,,,,10000,905
-1,51800,KELP,2020,1,2019,24,,,2023,25,,,,,2021.5,90.90234375
-1,51800,RAINFOREST_RESIN,9996,1,9995,24,,,10004,1,10005,24,,,10000,949
-1,51900,RAINFOREST_RESIN,9996,1,9995,23,,,10004,1,10005,23,,,10000,949
-1,51900,KELP,2021,4,2019,24,,,2023,24,,,,,2022,94.7578125
-1,52000,RAINFOREST_RESIN,9998,3,9995,29,,,10005,29,,,,,10001.5,964
-1,52000,KELP,2019,29,,,,,2021,6,2023,29,,,2020,92.54296875
-1,52100,KELP,2019,21,,,,,2023,21,,,,,2021,92.140625
-1,52100,RAINFOREST_RESIN,9995,21,,,,,10005,21,,,,,10000,964
-1,52200,KELP,2019,31,,,,,2023,31,,,,,2021,95.5703125
-1,52200,RAINFOREST_RESIN,9996,2,9995,29,,,10004,2,10005,29,,,10000,996
-1,52300,RAINFOREST_RESIN,10002,1,9996,1,9995,27,10004,1,10005,27,,,10003,996
-1,52300,KELP,2022,1,2019,28,,,2023,28,,,,,2022.5,93.5859375
-1,52400,RAINFOREST_RESIN,9998,3,9996,1,9995,29,10004,1,10005,29,,,10001,998
-1,52400,KELP,2020,30,,,,,2023,30,,,,,2021.5,84.828125
-1,52500,KELP,2022,1,2020,28,,,2023,28,,,,,2022.5,85.92578125
-1,52500,RAINFOREST_RESIN,9996,1,9995,27,,,9998,1,10004,1,10005,27,9997,998
-1,52600,RAINFOREST_RESIN,9998,1,9996,1,9995,22,10000,4,10004,1,10005,22,9999,1000
-1,52600,KELP,2020,1,2019,22,,,2021,4,2023,23,,,2020.5,92.73828125
-1,52700,KELP,2019,26,,,,,2023,27,,,,,2021,95.8125
-1,52700,RAINFOREST_RESIN,9996,2,9995,25,,,10004,2,10005,25,,,10000,1000
-1,52800,RAINFOREST_RESIN,9995,26,,,,,10005,26,,,,,10000,1000
-1,52800,KELP,2019,26,,,,,2023,26,,,,,2021,90.90234375
-1,52900,KELP,2020,30,,,,,2023,30,,,,,2021.5,90.25
-1,52900,RAINFOREST_RESIN,9995,30,,,,,10005,30,,,,,10000,1000
-1,53000,RAINFOREST_RESIN,10002,1,9996,1,9995,20,10004,1,10005,20,,,10003,1024
-1,53000,KELP,2020,21,,,,,2023,21,,,,,2021.5,87.04296875
-1,53100,KELP,2019,24,,,,,2023,24,,,,,2021,94.0546875
-1,53100,RAINFOREST_RESIN,9995,24,,,,,10005,24,,,,,10000,1026
-1,53200,RAINFOREST_RESIN,9996,1,9995,30,,,10004,1,10005,30,,,10000,1026
-1,53200,KELP,2022,1,2019,31,,,2023,31,,,,,2022.5,93.16796875
-1,53300,KELP,2020,29,,,,,2023,29,,,,,2021.5,90.07421875
-1,53300,RAINFOREST_RESIN,9995,29,,,,,10005,29,,,,,10000,1026
-1,53400,RAINFOREST_RESIN,9998,6,9996,2,9995,23,10004,2,10005,23,,,10001,1026
-1,53400,KELP,2020,25,,,,,2023,25,,,,,2021.5,85.6171875
-1,53500,KELP,2020,23,,,,,2023,23,,,,,2021.5,87.9609375
-1,53500,RAINFOREST_RESIN,9996,2,9995,21,,,10002,1,10004,2,10005,21,9999,1026
-1,53600,RAINFOREST_RESIN,9995,24,,,,,9998,9,10005,24,,,9996.5,1026
-1,53600,KELP,2020,24,,,,,2023,24,,,,,2021.5,90.33984375
-1,53700,KELP,2019,30,,,,,2023,30,,,,,2021,92.66796875
-1,53700,RAINFOREST_RESIN,9998,1,9995,30,,,10005,30,,,,,10001.5,1044
-1,53800,RAINFOREST_RESIN,10002,3,9995,30,,,10005,30,,,,,10003.5,1044
-1,53800,KELP,2019,30,,,,,2023,30,,,,,2021,93.08203125
-1,53900,KELP,2019,27,,,,,2023,27,,,,,2021,94.2890625
-1,53900,RAINFOREST_RESIN,9996,2,9995,25,,,10004,2,10005,25,,,10000,1050
-1,54000,RAINFOREST_RESIN,9998,6,9996,1,9995,30,10004,1,10005,30,,,10001,1056
-1,54000,KELP,2020,31,,,,,2022,1,2023,31,,,2021,87.14453125
-1,54100,KELP,2020,24,,,,,2022,2,2023,24,,,2021,87.94140625
-1,54100,RAINFOREST_RESIN,9998,2,9996,2,9995,22,10004,2,10005,22,,,10001,1056
-1,54200,RAINFOREST_RESIN,9995,28,,,,,10005,28,,,,,10000,1057
-1,54200,KELP,2020,28,,,,,2023,28,,,,,2021.5,88.5
-1,54300,KELP,2022,1,2019,25,,,2023,25,,,,,2022.5,95.16015625
-1,54300,RAINFOREST_RESIN,9996,2,9995,23,,,10004,2,10005,23,,,10000,1057
-1,54400,RAINFOREST_RESIN,9995,29,,,,,10005,29,,,,,10000,1069
-1,54400,KELP,2019,29,,,,,2022,29,,,,,2020.5,99.796875
-1,54500,KELP,2019,21,,,,,2022,21,,,,,2020.5,101.72265625
-1,54500,RAINFOREST_RESIN,9996,1,9995,20,,,10004,1,10005,20,,,10000,1069
-1,54600,RAINFOREST_RESIN,10002,3,9995,27,,,10005,27,,,,,10003.5,1069
-1,54600,KELP,2019,27,,,,,2023,27,,,,,2021,99.12109375
-1,54700,KELP,2019,29,,,,,2020,4,2022,29,,,2019.5,99.8828125
-1,54700,RAINFOREST_RESIN,9996,2,9995,27,,,10004,2,10005,27,,,10000,1075
-1,54800,RAINFOREST_RESIN,9998,8,9995,27,,,10005,27,,,,,10001.5,1075
-1,54800,KELP,2019,27,,,,,2021,1,2022,27,,,2020,100.55859375
-1,54900,KELP,2019,29,,,,,2022,29,,,,,2020.5,101.6015625
-1,54900,RAINFOREST_RESIN,9996,1,9995,28,,,10002,3,10004,1,10005,28,9999,1075
-1,55000,RAINFOREST_RESIN,9996,2,9995,28,,,10002,8,10004,2,10005,28,9999,1075
-1,55000,KELP,2019,36,,,,,2022,30,,,,,2020.5,106.0625
-1,55100,KELP,2019,37,,,,,2022,29,,,,,2020.5,109.125
-1,55100,RAINFOREST_RESIN,9995,29,,,,,10005,29,,,,,10000,1075
-1,55200,RAINFOREST_RESIN,9996,2,9995,21,,,10004,2,10005,21,,,10000,1083
-1,55200,KELP,2018,21,,,,,2019,3,2020,8,2022,23,2018.5,111.7890625
-1,55300,RAINFOREST_RESIN,9996,2,9995,27,,,9998,1,10002,2,10004,2,9997,1083
-1,55300,KELP,2018,29,,,,,2022,29,,,,,2020,116.83203125
-1,55400,RAINFOREST_RESIN,9998,3,9996,1,9995,21,10004,1,10005,21,,,10001,1085
-1,55400,KELP,2019,2,2018,22,,,2022,22,,,,,2020.5,116.3125
-1,55500,KELP,2021,1,2019,4,2018,25,2022,25,,,,,2021.5,115.046875
-1,55500,RAINFOREST_RESIN,9995,25,,,,,10002,9,10005,25,,,9998.5,1085
-1,55600,KELP,2019,3,2018,26,,,2022,26,,,,,2020.5,116.765625
-1,55600,RAINFOREST_RESIN,9995,26,,,,,10005,26,,,,,10000,1085
-1,55700,RAINFOREST_RESIN,9996,2,9995,21,,,10004,2,10005,21,,,10000,1085
-1,55700,KELP,2019,25,,,,,2022,23,,,,,2020.5,115.14453125
-1,55800,RAINFOREST_RESIN,9998,6,9996,1,9995,26,10004,1,10005,26,,,10001,1088
-1,55800,KELP,2018,27,,,,,2022,27,,,,,2020,117.15234375
-1,55900,KELP,2018,22,,,,,2022,22,,,,,2020,120.515625
-1,55900,RAINFOREST_RESIN,9995,22,,,,,10005,22,,,,,10000,1088
-1,56000,KELP,2018,24,,,,,2019,3,2021,2,2022,22,2018.5,122.1328125
-1,56000,RAINFOREST_RESIN,9996,2,9995,22,,,10002,10,10004,2,10005,22,9999,1088
-1,56100,RAINFOREST_RESIN,9996,2,9995,20,,,10004,2,10005,20,,,10000,1088
-1,56100,KELP,2019,22,,,,,2022,22,,,,,2020.5,113.05078125
-1,56200,RAINFOREST_RESIN,9996,1,9995,29,,,10004,1,10005,29,,,10000,1088
-1,56200,KELP,2020,2,2018,30,,,2022,30,,,,,2021,117.1640625
-1,56300,KELP,2019,6,2018,27,,,2022,27,,,,,2020.5,117.63671875
-1,56300,RAINFOREST_RESIN,10002,1,9996,2,9995,25,10004,2,10005,25,,,10003,1088
-1,56400,KELP,2018,31,,,,,2022,31,,,,,2020,118.3828125
-1,56400,RAINFOREST_RESIN,9996,1,9995,30,,,10004,1,10005,30,,,10000,1090
-1,56500,RAINFOREST_RESIN,9996,2,9995,27,,,10004,2,10005,27,,,10000,1090
-1,56500,KELP,2018,29,,,,,2022,29,,,,,2020,118.90234375
-1,56600,RAINFOREST_RESIN,9996,2,9995,29,,,10002,4,10004,2,10005,29,9999,1090
-1,56600,KELP,2019,2,2018,29,,,2022,31,,,,,2020.5,116.20703125
-1,56700,KELP,2020,6,2018,26,,,2022,26,,,,,2021,119.81640625
-1,56700,RAINFOREST_RESIN,9998,3,9996,2,9995,24,10000,2,10004,2,10005,24,9999,1090
-1,56800,KELP,2018,24,,,,,2021,2,2022,22,,,2019.5,121.703125
-1,56800,RAINFOREST_RESIN,10002,1,9998,10,9996,2,10004,2,10005,22,,,10003,1090
-1,56900,RAINFOREST_RESIN,9996,2,9995,20,,,10004,2,10005,20,,,10000,1092
-1,56900,KELP,2018,24,,,,,2021,22,,,,,2019.5,125.99609375
-1,57000,RAINFOREST_RESIN,9996,1,9995,27,,,10004,1,10005,27,,,10000,1092
-1,57000,KELP,2018,28,,,,,2020,8,2021,28,,,2019,131.98046875
-1,57100,KELP,2017,27,,,,,2020,27,,,,,2018.5,141.515625
-1,57100,RAINFOREST_RESIN,9996,2,9995,25,,,10004,2,10005,25,,,10000,1092
-1,57200,KELP,2019,1,2017,27,,,2020,27,,,,,2019.5,144.33203125
-1,57200,RAINFOREST_RESIN,10002,2,9996,1,9995,26,10004,1,10005,26,,,10003,1092
-1,57300,RAINFOREST_RESIN,9996,1,9995,26,,,10002,9,10004,1,10005,26,9999,1096
-1,57300,KELP,2017,27,,,,,2020,27,,,,,2018.5,142.49609375
-1,57400,RAINFOREST_RESIN,9995,24,,,,,10005,24,,,,,10000,1096
-1,57400,KELP,2017,24,,,,,2019,2,2020,24,,,2018,144.1875
-1,57500,KELP,2019,5,2017,30,,,2020,25,,,,,2019.5,143.89453125
-1,57500,RAINFOREST_RESIN,9998,5,9996,2,9995,23,10004,2,10005,23,,,10001,1096
-1,57600,KELP,2017,24,,,,,2020,24,,,,,2018.5,143.13671875
-1,57600,RAINFOREST_RESIN,9995,24,,,,,10005,24,,,,,10000,1096
-1,57700,RAINFOREST_RESIN,9995,29,,,,,10005,29,,,,,10000,1096
-1,57700,KELP,2017,29,,,,,2020,29,,,,,2018.5,143.453125
-1,57800,RAINFOREST_RESIN,9998,1,9996,2,9995,29,10004,2,10005,29,,,10001,1096
-1,57800,KELP,2017,31,,,,,2020,2,2021,29,,,2018.5,139.3359375
-1,57900,KELP,2017,27,,,,,2018,6,2019,5,2020,2,2017.5,140.765625
-1,57900,RAINFOREST_RESIN,9996,2,9995,25,,,9998,1,10000,6,10004,2,9997,1096
-1,58000,KELP,2017,29,,,,,2020,1,2021,24,,,2018.5,141.04296875
-1,58000,RAINFOREST_RESIN,9996,1,9995,24,,,9998,4,10004,1,10005,24,9997,1098
-1,58100,RAINFOREST_RESIN,9995,23,,,,,10005,23,,,,,10000,1106
-1,58100,KELP,2017,23,,,,,2020,23,,,,,2018.5,147.1953125
-1,58200,RAINFOREST_RESIN,9996,1,9995,30,,,10004,1,10005,30,,,10000,1118
-1,58200,KELP,2017,31,,,,,2020,31,,,,,2018.5,145.9453125
-1,58300,KELP,2017,29,,,,,2020,29,,,,,2018.5,146.9140625
-1,58300,RAINFOREST_RESIN,9995,29,,,,,10005,29,,,,,10000,1118
-1,58400,KELP,2016,23,,,,,2018,1,2019,23,,,2017,168.828125
-1,58400,RAINFOREST_RESIN,9996,2,9995,21,,,10004,2,10005,21,,,10000,1118
-1,58500,RAINFOREST_RESIN,9995,21,,,,,10002,1,10005,21,,,9998.5,1118
-1,58500,KELP,2016,21,,,,,2019,21,,,,,2017.5,175.8203125
-1,58600,RAINFOREST_RESIN,10002,1,9995,25,,,10005,25,,,,,10003.5,1118
-1,58600,KELP,2015,25,,,,,2017,7,2019,25,,,2016,177.103515625
-1,58700,KELP,2015,34,,,,,2018,32,,,,,2016.5,178.4462890625
-1,58700,RAINFOREST_RESIN,9996,2,9995,30,,,10004,2,10005,30,,,10000,1120
-1,58800,KELP,2015,29,,,,,2019,29,,,,,2017,177.25390625
-1,58800,RAINFOREST_RESIN,9995,29,,,,,10002,1,10005,29,,,9998.5,1120
-1,58900,RAINFOREST_RESIN,9996,1,9995,24,,,10004,1,10005,24,,,10000,1168
-1,58900,KELP,2015,25,,,,,2019,25,,,,,2017,176.52734375
-1,59000,RAINFOREST_RESIN,9996,2,9995,20,,,10004,2,10005,20,,,10000,1168
-1,59000,KELP,2016,22,,,,,2019,22,,,,,2017.5,175.115234375
-1,59100,KELP,2016,34,,,,,2019,27,,,,,2017.5,173.958984375
-1,59100,RAINFOREST_RESIN,9995,27,,,,,10005,27,,,,,10000,1168
-1,59200,KELP,2016,31,,,,,2020,31,,,,,2018,171.5673828125
-1,59200,RAINFOREST_RESIN,9998,4,9996,2,9995,29,10004,2,10005,29,,,10001,1172
-1,59300,RAINFOREST_RESIN,9996,1,9995,26,,,10004,1,10005,26,,,10000,1172
-1,59300,KELP,2016,26,,,,,2018,2,2019,27,,,2017,174.1484375
-1,59400,RAINFOREST_RESIN,9996,1,9995,21,,,10004,1,10005,21,,,10000,1172
-1,59400,KELP,2015,22,,,,,2019,22,,,,,2017,177.4970703125
-1,59500,KELP,2015,23,,,,,2019,23,,,,,2017,176.939453125
-1,59500,RAINFOREST_RESIN,10002,5,9995,23,,,10005,23,,,,,10003.5,1172
-1,59600,KELP,2016,29,,,,,2019,29,,,,,2017.5,176.240234375
-1,59600,RAINFOREST_RESIN,9996,2,9995,27,,,10004,2,10005,27,,,10000,1182
-1,59700,RAINFOREST_RESIN,9995,21,,,,,10005,21,,,,,10000,1182
-1,59700,KELP,2015,21,,,,,2018,21,,,,,2016.5,181.26171875
-1,59800,RAINFOREST_RESIN,9996,1,9995,24,,,10004,1,10005,24,,,10000,1182
-1,59800,KELP,2015,25,,,,,2018,25,,,,,2016.5,180.568359375
-1,59900,KELP,2015,24,,,,,2018,24,,,,,2016.5,181.30859375
-1,59900,RAINFOREST_RESIN,9996,1,9995,23,,,10002,6,10004,1,10005,23,9999,1182
-1,60000,KELP,2015,22,,,,,2018,22,,,,,2016.5,180.701171875
-1,60000,RAINFOREST_RESIN,9998,3,9995,22,,,10005,22,,,,,10001.5,1182
-1,60100,RAINFOREST_RESIN,9996,2,9995,25,,,10004,2,10005,25,,,10000,1188
-1,60100,KELP,2015,27,,,,,2018,27,,,,,2016.5,181.705078125
-1,60200,RAINFOREST_RESIN,9995,25,,,,,10005,25,,,,,10000,1188
-1,60200,KELP,2016,3,2015,25,,,2018,25,,,,,2017,183.3056640625
-1,60300,KELP,2015,28,,,,,2018,28,,,,,2016.5,183.5068359375
-1,60300,RAINFOREST_RESIN,9996,1,9995,27,,,10004,1,10005,27,,,10000,1220
-1,60400,KELP,2015,1,2014,20,,,2018,21,,,,,2016.5,184.1611328125
-1,60400,RAINFOREST_RESIN,9996,1,9995,20,,,9998,1,10004,1,10005,20,9997,1220
-1,60500,RAINFOREST_RESIN,9996,1,9995,23,,,10004,1,10005,23,,,10000,1222
-1,60500,KELP,2015,24,,,,,2018,24,,,,,2016.5,180.490234375
-1,60600,RAINFOREST_RESIN,9996,2,9995,22,,,10004,2,10005,22,,,10000,1222
-1,60600,KELP,2015,26,,,,,2018,24,,,,,2016.5,180.6904296875
-1,60700,KELP,2015,22,,,,,2017,5,2018,22,,,2016,180.7451171875
-1,60700,RAINFOREST_RESIN,9995,22,,,,,10005,22,,,,,10000,1222
-1,60800,KELP,2015,31,,,,,2018,32,,,,,2016.5,180.6494140625
-1,60800,RAINFOREST_RESIN,10002,10,9996,2,9995,30,10004,2,10005,30,,,10003,1222
-1,60900,RAINFOREST_RESIN,9996,2,9995,29,,,10004,2,10005,29,,,10000,1242
-1,60900,KELP,2015,28,,,,,2017,4,2018,31,,,2016,182.302734375
-1,61000,RAINFOREST_RESIN,9995,28,,,,,10005,28,,,,,10000,1242
-1,61000,KELP,2015,28,,,,,2018,28,,,,,2016.5,181.3896484375
-1,61100,KELP,2015,29,,,,,2017,3,2018,29,,,2016,183.41796875
-1,61100,RAINFOREST_RESIN,9995,29,,,,,10005,29,,,,,10000,1242
-1,61200,KELP,2015,22,,,,,2016,2,2018,22,,,2015.5,181.6953125
-1,61200,RAINFOREST_RESIN,9998,9,9996,1,9995,21,10000,2,10004,1,10005,21,9999,1242
-1,61300,RAINFOREST_RESIN,9996,1,9995,22,,,10004,1,10005,22,,,10000,1242
-1,61300,KELP,2015,23,,,,,2018,23,,,,,2016.5,179.837890625
-1,61400,RAINFOREST_RESIN,9996,1,9995,30,,,10004,1,10005,30,,,10000,1242
-1,61400,KELP,2015,31,,,,,2018,1,2019,30,,,2016.5,179.14453125
-1,61500,KELP,2015,29,,,,,2018,29,,,,,2016.5,181.857421875
-1,61500,RAINFOREST_RESIN,9996,2,9995,27,,,10004,2,10005,27,,,10000,1242
-1,61600,RAINFOREST_RESIN,9996,2,9995,28,,,10004,2,10005,28,,,10000,1242
-1,61600,KELP,2015,30,,,,,2017,5,2018,30,,,2016,183.3447265625
-1,61700,KELP,2014,26,,,,,2016,7,2017,27,,,2015,188.3125
-1,61700,RAINFOREST_RESIN,9996,1,9995,26,,,10004,1,10005,26,,,10000,1242
-1,61800,RAINFOREST_RESIN,9995,20,,,,,10005,20,,,,,10000,1242
-1,61800,KELP,2015,20,,,,,2018,20,,,,,2016.5,183.048828125
-1,61900,KELP,2014,26,,,,,2017,26,,,,,2015.5,187.75
-1,61900,RAINFOREST_RESIN,9995,26,,,,,9998,1,10005,26,,,9996.5,1242
-1,62000,RAINFOREST_RESIN,9995,20,,,,,10005,20,,,,,10000,1252
-1,62000,KELP,2016,1,2014,20,,,2017,20,,,,,2016.5,188.03125
-1,62100,KELP,2014,25,,,,,2017,25,,,,,2015.5,187.74609375
-1,62100,RAINFOREST_RESIN,9996,2,9995,23,,,10004,2,10005,23,,,10000,1252
-1,62200,RAINFOREST_RESIN,9995,25,,,,,10002,3,10005,25,,,9998.5,1252
-1,62200,KELP,2014,25,,,,,2017,25,,,,,2015.5,189.099609375
-1,62300,KELP,2014,22,,,,,2017,22,,,,,2015.5,188.064453125
-1,62300,RAINFOREST_RESIN,9995,22,,,,,10005,22,,,,,10000,1252
-1,62400,RAINFOREST_RESIN,9996,2,9995,23,,,10004,2,10005,23,,,10000,1260
-1,62400,KELP,2014,25,,,,,2016,8,2018,25,,,2015,183.970703125
-1,62500,KELP,2015,3,2014,23,,,2018,24,,,,,2016.5,183.703125
-1,62500,RAINFOREST_RESIN,9996,1,9995,23,,,10004,1,10005,23,,,10000,1260
-1,62600,RAINFOREST_RESIN,9995,29,,,,,10005,29,,,,,10000,1260
-1,62600,KELP,2015,29,,,,,2018,29,,,,,2016.5,179.15625
-1,62700,KELP,2015,26,,,,,2018,26,,,,,2016.5,179.5546875
-1,62700,RAINFOREST_RESIN,9996,2,9995,24,,,10004,2,10005,24,,,10000,1260
-1,62800,RAINFOREST_RESIN,9995,26,,,,,10005,26,,,,,10000,1260
-1,62800,KELP,2015,25,,,,,2017,1,2019,26,,,2016,175.91015625
-1,62900,KELP,2016,29,,,,,2018,1,2019,29,,,2017,170.6015625
-1,62900,RAINFOREST_RESIN,9996,2,9995,27,,,9998,4,10004,2,10005,27,9997,1260
-1,63000,RAINFOREST_RESIN,9995,29,,,,,10005,29,,,,,10000,1268
-1,63000,KELP,2016,29,,,,,2018,4,2019,29,,,2017,170.05078125
-1,63100,KELP,2016,25,,,,,2020,26,,,,,2018,165.484375
-1,63100,RAINFOREST_RESIN,9996,2,9995,24,,,10004,2,10005,24,,,10000,1268
-1,63200,RAINFOREST_RESIN,9995,28,,,,,10005,28,,,,,10000,1268
-1,63200,KELP,2016,28,,,,,2020,28,,,,,2018,165.12890625
-1,63300,KELP,2016,32,,,,,2019,2,2020,30,,,2017.5,166.3515625
-1,63300,RAINFOREST_RESIN,9996,2,9995,30,,,10004,2,10005,30,,,10000,1268
-1,63400,RAINFOREST_RESIN,9996,2,9995,24,,,10004,2,10005,24,,,10000,1268
-1,63400,KELP,2018,3,2016,26,,,2020,26,,,,,2019,165.744140625
-1,63500,KELP,2016,22,,,,,2019,20,,,,,2017.5,167.951171875
-1,63500,RAINFOREST_RESIN,9998,8,9995,20,,,10005,20,,,,,10001.5,1268
-1,63600,RAINFOREST_RESIN,9995,21,,,,,10005,21,,,,,10000,1268
-1,63600,KELP,2018,1,2016,21,,,2019,21,,,,,2018.5,169.130859375
-1,63700,KELP,2017,8,2016,30,,,2019,2,2020,28,,,2018,166.908203125
-1,63700,RAINFOREST_RESIN,9996,2,9995,28,,,10002,6,10004,2,10005,28,9999,1268
-1,63800,RAINFOREST_RESIN,9996,1,9995,21,,,10004,1,10005,21,,,10000,1268
-1,63800,KELP,2016,21,,,,,2018,7,2020,22,,,2017,165.431640625
-1,63900,KELP,2016,21,,,,,2018,6,2020,21,,,2017,167.5546875
-1,63900,RAINFOREST_RESIN,9995,21,,,,,10005,21,,,,,10000,1268
-1,64000,RAINFOREST_RESIN,9998,6,9995,30,,,10005,30,,,,,10001.5,1316
-1,64000,KELP,2016,30,,,,,2019,30,,,,,2017.5,168.916015625
-1,64100,KELP,2016,27,,,,,2019,27,,,,,2017.5,168.908203125
-1,64100,RAINFOREST_RESIN,9995,27,,,,,10002,6,10005,27,,,9998.5,1317
-1,64200,KELP,2015,25,,,,,2018,25,,,,,2016.5,183.060546875
-1,64200,RAINFOREST_RESIN,9996,1,9995,24,,,10004,1,10005,24,,,10000,1317
-1,64300,RAINFOREST_RESIN,9998,7,9996,1,9995,22,10004,1,10005,22,,,10001,1323
-1,64300,KELP,2015,23,,,,,2018,23,,,,,2016.5,186.61328125
-1,64400,RAINFOREST_RESIN,9998,8,9996,2,9995,27,10004,2,10005,27,,,10001,1323
-1,64400,KELP,2015,31,,,,,2018,29,,,,,2016.5,185.70703125
-1,64500,KELP,2015,29,,,,,2017,6,2018,29,,,2016,184.38671875
-1,64500,RAINFOREST_RESIN,9998,5,9996,2,9995,27,10004,2,10005,27,,,10001,1323
-1,64600,KELP,2015,26,,,,,2018,26,,,,,2016.5,185.826171875
-1,64600,RAINFOREST_RESIN,9995,26,,,,,10005,26,,,,,10000,1323
-1,64700,RAINFOREST_RESIN,9995,28,,,,,10005,28,,,,,10000,1323
-1,64700,KELP,2015,28,,,,,2018,28,,,,,2016.5,189.986328125
-1,64800,RAINFOREST_RESIN,9996,2,9995,30,,,10004,2,10005,30,,,10000,1323
-1,64800,KELP,2015,2,2014,30,,,2018,32,,,,,2016.5,190.291015625
-1,64900,KELP,2015,31,,,,,2017,3,2018,31,,,2016,189.990234375
-1,64900,RAINFOREST_RESIN,9996,2,9995,29,,,10004,2,10005,29,,,10000,1323
-1,65000,KELP,2015,25,,,,,2018,25,,,,,2016.5,185.443359375
-1,65000,RAINFOREST_RESIN,9995,25,,,,,9998,1,10005,25,,,9996.5,1323
-1,65100,RAINFOREST_RESIN,9996,2,9995,23,,,10004,2,10005,23,,,10000,1323
-1,65100,KELP,2015,25,,,,,2018,25,,,,,2016.5,186.9765625
-1,65200,RAINFOREST_RESIN,9998,8,9995,29,,,10005,29,,,,,10001.5,1323
-1,65200,KELP,2017,1,2015,29,,,2019,29,,,,,2018,179.56640625
-1,65300,KELP,2015,21,,,,,2017,2,2018,21,,,2016,184.771484375
-1,65300,RAINFOREST_RESIN,9995,21,,,,,10002,3,10005,21,,,9998.5,1323
-1,65400,KELP,2015,28,,,,,2016,3,2018,28,,,2015.5,179.6796875
-1,65400,RAINFOREST_RESIN,9996,2,9995,26,,,10000,3,10004,2,10005,26,9998,1325
-1,65500,RAINFOREST_RESIN,9996,2,9995,27,,,10004,2,10005,27,,,10000,1325
-1,65500,KELP,2015,36,,,,,2018,29,,,,,2016.5,183.80859375
-1,65600,RAINFOREST_RESIN,9998,5,9995,20,,,10005,20,,,,,10001.5,1325
-1,65600,KELP,2015,20,,,,,2019,20,,,,,2017,177.37890625
-1,65700,KELP,2014,29,,,,,2018,29,,,,,2016,190.87890625
-1,65700,RAINFOREST_RESIN,9995,29,,,,,10005,29,,,,,10000,1325
-1,65800,KELP,2015,20,,,,,2017,7,2018,20,,,2016,189.01953125
-1,65800,RAINFOREST_RESIN,9998,9,9995,20,,,10005,20,,,,,10001.5,1325
-1,65900,RAINFOREST_RESIN,9996,1,9995,23,,,10004,1,10005,23,,,10000,1325
-1,65900,KELP,2015,29,,,,,2018,24,,,,,2016.5,185.08984375
-1,66000,RAINFOREST_RESIN,9998,4,9996,2,9995,22,10004,2,10005,22,,,10001,1325
-1,66000,KELP,2015,24,,,,,2018,24,,,,,2016.5,184.66015625
-1,66100,KELP,2015,27,,,,,2018,27,,,,,2016.5,182.44140625
-1,66100,RAINFOREST_RESIN,9996,1,9995,26,,,9998,1,10004,1,10005,26,9997,1325
-1,66200,KELP,2016,5,2015,20,,,2019,20,,,,,2017.5,174.265625
-1,66200,RAINFOREST_RESIN,10002,1,10000,5,9995,20,10005,20,,,,,10003.5,1327
-1,66300,RAINFOREST_RESIN,9996,1,9995,24,,,10004,1,10005,24,,,10000,1329
-1,66300,KELP,2018,1,2016,2,2015,25,2019,25,,,,,2018.5,172.44140625
-1,66400,RAINFOREST_RESIN,9995,21,,,,,9998,3,10005,21,,,9996.5,1329
-1,66400,KELP,2015,21,,,,,2019,21,,,,,2017,170.6484375
-1,66500,KELP,2015,22,,,,,2019,22,,,,,2017,171.8671875
-1,66500,RAINFOREST_RESIN,9996,2,9995,20,,,10004,2,10005,20,,,10000,1333
-1,66600,KELP,2015,22,,,,,2017,3,2019,22,,,2016,176.51171875
-1,66600,RAINFOREST_RESIN,9995,22,,,,,10005,22,,,,,10000,1333
-1,66700,RAINFOREST_RESIN,9998,9,9995,27,,,10005,27,,,,,10001.5,1333
-1,66700,KELP,2014,27,,,,,2018,27,,,,,2016,194.265625
-1,66800,RAINFOREST_RESIN,9995,30,,,,,10005,30,,,,,10000,1333
-1,66800,KELP,2014,30,,,,,2018,30,,,,,2016,192.29296875
-1,66900,KELP,2017,1,2015,4,2014,23,2018,23,,,,,2017.5,191.28515625
-1,66900,RAINFOREST_RESIN,9998,4,9995,23,,,10005,23,,,,,10001.5,1333
-1,67000,KELP,2015,25,,,,,2018,25,,,,,2016.5,187.8203125
-1,67000,RAINFOREST_RESIN,9996,1,9995,24,,,10004,1,10005,24,,,10000,1333
-1,67100,RAINFOREST_RESIN,9995,23,,,,,10005,23,,,,,10000,1333
-1,67100,KELP,2015,23,,,,,2018,23,,,,,2016.5,189.25
-1,67200,RAINFOREST_RESIN,9996,2,9995,20,,,10002,3,10004,2,10005,20,9999,1333
-1,67200,KELP,2015,21,,,,,2018,22,,,,,2016.5,185.3203125
-1,67300,KELP,2015,31,,,,,2018,30,,,,,2016.5,184.2734375
-1,67300,RAINFOREST_RESIN,9995,30,,,,,9998,3,10005,30,,,9996.5,1333
-1,67400,KELP,2015,26,,,,,2018,26,,,,,2016.5,178.3984375
-1,67400,RAINFOREST_RESIN,9998,4,9996,1,9995,25,10004,1,10005,25,,,10001,1333
-1,67500,RAINFOREST_RESIN,9995,21,,,,,10005,21,,,,,10000,1333
-1,67500,KELP,2015,20,,,,,2018,21,,,,,2016.5,180.0078125
-1,67600,RAINFOREST_RESIN,9996,2,9995,25,,,10004,2,10005,25,,,10000,1333
-1,67600,KELP,2015,27,,,,,2018,27,,,,,2016.5,181.046875
-1,67700,KELP,2015,33,,,,,2018,30,,,,,2016.5,179.4296875
-1,67700,RAINFOREST_RESIN,9996,1,9995,29,,,10004,1,10005,29,,,10000,1333
-1,67800,KELP,2015,38,,,,,2018,30,,,,,2016.5,186.42578125
-1,67800,RAINFOREST_RESIN,9998,3,9995,30,,,10005,30,,,,,10001.5,1333
-1,67900,RAINFOREST_RESIN,9995,25,,,,,10005,25,,,,,10000,1333
-1,67900,KELP,2015,25,,,,,2018,25,,,,,2016.5,180.16796875
-1,68000,RAINFOREST_RESIN,9996,2,9995,21,,,10004,2,10005,21,,,10000,1333
-1,68000,KELP,2015,23,,,,,2018,23,,,,,2016.5,179.34765625
-1,68100,KELP,2015,31,,,,,2017,4,2018,31,,,2016,189.125
-1,68100,RAINFOREST_RESIN,9996,2,9995,29,,,10004,2,10005,29,,,10000,1333
-1,68200,KELP,2017,1,2015,31,,,2018,31,,,,,2017.5,184.484375
-1,68200,RAINFOREST_RESIN,9996,2,9995,29,,,10004,2,10005,29,,,10000,1333
-1,68300,RAINFOREST_RESIN,9996,1,9995,28,,,10004,1,10005,28,,,10000,1333
-1,68300,KELP,2017,1,2015,29,,,2018,29,,,,,2017.5,186.7890625
-1,68400,RAINFOREST_RESIN,9996,2,9995,26,,,10004,2,10005,26,,,10000,1333
-1,68400,KELP,2015,28,,,,,2018,28,,,,,2016.5,183.75
-1,68500,KELP,2015,23,,,,,2018,23,,,,,2016.5,182.0390625
-1,68500,RAINFOREST_RESIN,9995,23,,,,,10002,5,10005,23,,,9998.5,1333
-1,68600,KELP,2015,24,,,,,2018,25,,,,,2016.5,182.7578125
-1,68600,RAINFOREST_RESIN,9996,1,9995,24,,,10004,1,10005,24,,,10000,1333
-1,68700,RAINFOREST_RESIN,9996,1,9995,27,,,10004,1,10005,27,,,10000,1333
-1,68700,KELP,2015,28,,,,,2018,28,,,,,2016.5,179.37109375
-1,68800,RAINFOREST_RESIN,9995,22,,,,,9998,1,10005,22,,,9996.5,1333
-1,68800,KELP,2015,22,,,,,2018,22,,,,,2016.5,181.8359375
-1,68900,KELP,2017,1,2015,28,,,2018,28,,,,,2017.5,189.77734375
-1,68900,RAINFOREST_RESIN,9996,1,9995,27,,,10004,1,10005,27,,,10000,1333
-1,69000,KELP,2015,30,,,,,2018,30,,,,,2016.5,180.984375
-1,69000,RAINFOREST_RESIN,9996,2,9995,28,,,10004,2,10005,28,,,10000,1333
-1,69100,RAINFOREST_RESIN,9998,9,9996,1,9995,30,10004,1,10005,30,,,10001,1333
-1,69100,KELP,2015,30,,,,,2018,31,,,,,2016.5,184.85546875
-1,69200,RAINFOREST_RESIN,9996,2,9995,28,,,10004,2,10005,28,,,10000,1333
-1,69200,KELP,2017,3,2015,30,,,2018,30,,,,,2017.5,185.64453125
-1,69300,KELP,2017,1,2015,21,,,2018,21,,,,,2017.5,186.6796875
-1,69300,RAINFOREST_RESIN,9995,21,,,,,9998,1,10005,21,,,9996.5,1333
-1,69400,KELP,2015,26,,,,,2018,26,,,,,2016.5,185.875
-1,69400,RAINFOREST_RESIN,10002,1,9998,2,9996,1,10004,1,10005,25,,,10003,1333
-1,69500,RAINFOREST_RESIN,9998,1,9996,2,9995,24,10004,2,10005,24,,,10001,1335
-1,69500,KELP,2015,32,,,,,2018,26,,,,,2016.5,185.0859375
-1,69600,RAINFOREST_RESIN,9995,23,,,,,10005,23,,,,,10000,1335
-1,69600,KELP,2015,22,,,,,2018,23,,,,,2016.5,185.29296875
-1,69700,KELP,2015,21,,,,,2018,21,,,,,2016.5,185.2734375
-1,69700,RAINFOREST_RESIN,10002,1,9996,1,9995,20,10004,1,10005,20,,,10003,1335
-1,69800,KELP,2015,24,,,,,2018,24,,,,,2016.5,180.078125
-1,69800,RAINFOREST_RESIN,9996,1,9995,23,,,10004,1,10005,23,,,10000,1340
-1,69900,RAINFOREST_RESIN,9996,2,9995,27,,,10004,2,10005,27,,,10000,1340
-1,69900,KELP,2015,29,,,,,2018,29,,,,,2016.5,180.72265625
-1,70000,RAINFOREST_RESIN,9996,2,9995,27,,,10004,2,10005,27,,,10000,1340
-1,70000,KELP,2015,29,,,,,2018,29,,,,,2016.5,183.40625
-1,70100,KELP,2015,23,,,,,2018,2,2019,22,,,2016.5,176.85546875
-1,70100,RAINFOREST_RESIN,9996,2,9995,22,,,10004,2,10005,22,,,10000,1340
-1,70200,KELP,2015,22,,,,,2018,22,,,,,2016.5,180.86328125
-1,70200,RAINFOREST_RESIN,9996,1,9995,21,,,10004,1,10005,21,,,10000,1340
-1,70300,RAINFOREST_RESIN,9996,1,9995,25,,,9998,2,10004,1,10005,25,9997,1340
-1,70300,KELP,2015,26,,,,,2018,26,,,,,2016.5,186.234375
-1,70400,RAINFOREST_RESIN,9995,26,,,,,10005,26,,,,,10000,1342
-1,70400,KELP,2015,26,,,,,2017,6,2018,26,,,2016,189.42578125
-1,70500,KELP,2015,23,,,,,2016,3,2017,3,2018,23,2015.5,185.33203125
-1,70500,RAINFOREST_RESIN,9995,23,,,,,10000,3,10005,23,,,9997.5,1342
-1,70600,RAINFOREST_RESIN,9996,1,9995,27,,,10004,1,10005,27,,,10000,1342
-1,70600,KELP,2015,34,,,,,2018,28,,,,,2016.5,178.7421875
-1,70700,KELP,2015,26,,,,,2018,26,,,,,2016.5,186.7109375
-1,70700,RAINFOREST_RESIN,9995,26,,,,,10005,26,,,,,10000,1342
-1,70800,RAINFOREST_RESIN,10002,1,9995,27,,,10005,27,,,,,10003.5,1342
-1,70800,KELP,2015,26,,,,,2018,27,,,,,2016.5,183.92578125
-1,70900,KELP,2015,32,,,,,2018,32,,,,,2016.5,183.50390625
-1,70900,RAINFOREST_RESIN,9996,2,9995,30,,,10004,2,10005,30,,,10000,1344
-1,71000,RAINFOREST_RESIN,9996,1,9995,29,,,10002,5,10004,1,10005,29,9999,1344
-1,71000,KELP,2015,30,,,,,2018,30,,,,,2016.5,184.328125
-1,71100,KELP,2015,22,,,,,2018,22,,,,,2016.5,183.734375
-1,71100,RAINFOREST_RESIN,9998,9,9996,1,9995,21,10004,1,10005,21,,,10001,1344
-1,71200,RAINFOREST_RESIN,10002,1,9996,1,9995,28,10004,1,10005,28,,,10003,1344
-1,71200,KELP,2015,28,,,,,2018,29,,,,,2016.5,184.3828125
-1,71300,KELP,2015,28,,,,,2017,4,2018,28,,,2016,187.72265625
-1,71300,RAINFOREST_RESIN,9996,2,9995,26,,,10002,4,10004,2,10005,26,9999,1346
-1,71400,RAINFOREST_RESIN,9996,2,9995,24,,,10002,3,10004,2,10005,24,9999,1346
-1,71400,KELP,2015,26,,,,,2018,26,,,,,2016.5,188.77734375
-1,71500,KELP,2015,25,,,,,2018,28,,,,,2016.5,182.25
-1,71500,RAINFOREST_RESIN,10002,1,9996,2,9995,26,10004,2,10005,26,,,10003,1346
-1,71600,RAINFOREST_RESIN,9996,1,9995,27,,,9998,3,10004,1,10005,27,9997,1348
-1,71600,KELP,2014,28,,,,,2018,28,,,,,2016,193.921875
-1,71700,KELP,2014,31,,,,,2016,4,2018,31,,,2015,193.51171875
-1,71700,RAINFOREST_RESIN,9996,2,9995,29,,,10004,2,10005,29,,,10000,1354
-1,71800,RAINFOREST_RESIN,10002,1,9996,2,9995,25,10004,2,10005,25,,,10003,1354
-1,71800,KELP,2014,27,,,,,2018,27,,,,,2016,193.3203125
-1,71900,KELP,2014,26,,,,,2018,26,,,,,2016,196.015625
-1,71900,RAINFOREST_RESIN,10002,1,9996,1,9995,25,10004,1,10005,25,,,10003,1356
-1,72000,RAINFOREST_RESIN,9996,1,9995,20,,,10004,1,10005,20,,,10000,1358
-1,72000,KELP,2015,21,,,,,2017,6,2018,21,,,2016,184.41796875
-1,72100,KELP,2014,21,,,,,2016,5,2018,21,,,2015,192.7421875
-1,72100,RAINFOREST_RESIN,9995,21,,,,,10005,21,,,,,10000,1358
-1,72200,RAINFOREST_RESIN,9996,2,9995,29,,,10004,2,10005,29,,,10000,1358
-1,72200,KELP,2016,3,2014,31,,,2018,31,,,,,2017,195.8984375
-1,72300,KELP,2014,23,,,,,2018,23,,,,,2016,192.36328125
-1,72300,RAINFOREST_RESIN,9996,1,9995,22,,,10002,8,10004,1,10005,22,9999,1358
-1,72400,RAINFOREST_RESIN,10002,1,9996,2,9995,20,10004,2,10005,20,,,10003,1358
-1,72400,KELP,2014,22,,,,,2016,6,2018,22,,,2015,194.9375
-1,72500,KELP,2014,34,,,,,2017,27,,,,,2015.5,201.5546875
-1,72500,RAINFOREST_RESIN,9996,2,9995,25,,,10004,2,10005,25,,,10000,1360
-1,72600,RAINFOREST_RESIN,9996,2,9995,27,,,10004,2,10005,27,,,10000,1363
-1,72600,KELP,2014,35,,,,,2015,4,2017,29,,,2014.5,199.2421875
-1,72700,KELP,2014,23,,,,,2017,23,,,,,2015.5,201.09765625
-1,72700,RAINFOREST_RESIN,9995,23,,,,,10005,23,,,,,10000,1363
-1,72800,RAINFOREST_RESIN,9995,20,,,,,10005,20,,,,,10000,1363
-1,72800,KELP,2014,20,,,,,2017,20,,,,,2015.5,200.5
-1,72900,KELP,2014,24,,,,,2017,24,,,,,2015.5,201.23046875
-1,72900,RAINFOREST_RESIN,9998,1,9996,2,9995,22,10004,2,10005,22,,,10001,1363
-1,73000,RAINFOREST_RESIN,9996,1,9995,21,,,10002,7,10004,1,10005,21,9999,1366
-1,73000,KELP,2014,21,,,,,2016,2,2017,22,,,2015,201.109375
-1,73100,KELP,2014,31,,,,,2017,31,,,,,2015.5,204.4453125
-1,73100,RAINFOREST_RESIN,9996,2,9995,29,,,10002,3,10004,2,10005,29,9999,1366
-1,73200,KELP,2014,21,,,,,2017,21,,,,,2015.5,206.73828125
-1,73200,RAINFOREST_RESIN,9995,21,,,,,10005,21,,,,,10000,1366
-1,73300,RAINFOREST_RESIN,9996,1,9995,29,,,10004,1,10005,29,,,10000,1366
-1,73300,KELP,2014,30,,,,,2017,30,,,,,2015.5,208.96875
-1,73400,RAINFOREST_RESIN,9995,30,,,,,9998,1,10005,30,,,9996.5,1366
-1,73400,KELP,2014,30,,,,,2016,4,2017,30,,,2015,207.16015625
-1,73500,KELP,2014,25,,,,,2017,25,,,,,2015.5,205.75
-1,73500,RAINFOREST_RESIN,9996,2,9995,23,,,10004,2,10005,23,,,10000,1368
-1,73600,KELP,2014,25,,,,,2017,25,,,,,2015.5,205.33203125
-1,73600,RAINFOREST_RESIN,9996,1,9995,24,,,10004,1,10005,24,,,10000,1368
-1,73700,RAINFOREST_RESIN,9995,24,,,,,10005,24,,,,,10000,1368
-1,73700,KELP,2014,24,,,,,2017,24,,,,,2015.5,199.2265625
-1,73800,RAINFOREST_RESIN,9995,24,,,,,10005,24,,,,,10000,1368
-1,73800,KELP,2014,24,,,,,2016,5,2018,24,,,2015,192.7578125
-1,73900,KELP,2015,27,,,,,2018,30,,,,,2016.5,180.5546875
-1,73900,RAINFOREST_RESIN,9995,30,,,,,10005,30,,,,,10000,1368
-1,74000,KELP,2015,26,,,,,2017,3,2018,26,,,2016,187.796875
-1,74000,RAINFOREST_RESIN,10002,1,9998,10,9996,2,10004,2,10005,24,,,10003,1368
-1,74100,RAINFOREST_RESIN,10000,6,9996,2,9995,30,10004,2,10005,30,,,10002,1370
-1,74100,KELP,2016,6,2015,32,,,2018,32,,,,,2017,187.640625
-1,74200,RAINFOREST_RESIN,9996,2,9995,20,,,10002,6,10004,2,10005,20,9999,1370
-1,74200,KELP,2015,22,,,,,2018,22,,,,,2016.5,186.33984375
-1,74300,KELP,2015,5,2014,32,,,2018,32,,,,,2016.5,195.234375
-1,74300,RAINFOREST_RESIN,9996,2,9995,30,,,10002,6,10004,2,10005,30,9999,1370
-1,74400,KELP,2015,30,,,,,2018,30,,,,,2016.5,186.47265625
-1,74400,RAINFOREST_RESIN,9995,30,,,,,10005,30,,,,,10000,1370
-1,74500,RAINFOREST_RESIN,10000,3,9995,29,,,10005,29,,,,,10002.5,1370
-1,74500,KELP,2016,3,2014,29,,,2018,29,,,,,2017,190.3125
-1,74600,RAINFOREST_RESIN,10002,1,9998,7,9995,29,10005,29,,,,,10003.5,1370
-1,74600,KELP,2014,29,,,,,2018,29,,,,,2016,191.35546875
-1,74700,KELP,2014,32,,,,,2018,32,,,,,2016,193.859375
-1,74700,RAINFOREST_RESIN,9996,2,9995,30,,,10004,2,10005,30,,,10000,1372
-1,74800,KELP,2014,26,,,,,2018,26,,,,,2016,192.66796875
-1,74800,RAINFOREST_RESIN,9998,9,9996,1,9995,25,10004,1,10005,25,,,10001,1372
-1,74900,RAINFOREST_RESIN,10002,1,9996,1,9995,30,10004,1,10005,30,,,10003,1372
-1,74900,KELP,2015,31,,,,,2018,31,,,,,2016.5,189.46484375
-1,75000,RAINFOREST_RESIN,9995,27,,,,,9998,1,10005,27,,,9996.5,1374
-1,75000,KELP,2016,1,2014,27,,,2017,27,,,,,2016.5,200.65625
-1,75100,KELP,2014,30,,,,,2017,30,,,,,2015.5,198.5
-1,75100,RAINFOREST_RESIN,9995,30,,,,,10005,30,,,,,10000,1400
-1,75200,KELP,2016,3,2014,26,,,2017,2,2018,24,,,2016.5,196.8359375
-1,75200,RAINFOREST_RESIN,9998,2,9996,2,9995,24,10004,2,10005,24,,,10001,1400
-1,75300,RAINFOREST_RESIN,9996,1,9995,28,,,10004,1,10005,28,,,10000,1400
-1,75300,KELP,2014,29,,,,,2017,29,,,,,2015.5,199.3359375
-1,75400,RAINFOREST_RESIN,9996,1,9995,30,,,10004,1,10005,30,,,10000,1400
-1,75400,KELP,2014,31,,,,,2017,31,,,,,2015.5,202.30078125
-1,75500,KELP,2014,34,,,,,2017,30,,,,,2015.5,201.91796875
-1,75500,RAINFOREST_RESIN,9996,2,9995,28,,,10004,2,10005,28,,,10000,1400
-1,75600,KELP,2014,28,,,,,2017,28,,,,,2015.5,198.5234375
-1,75600,RAINFOREST_RESIN,10002,1,9996,2,9995,26,10004,2,10005,26,,,10003,1400
-1,75700,RAINFOREST_RESIN,9996,1,9995,26,,,10004,1,10005,26,,,10000,1402
-1,75700,KELP,2014,27,,,,,2016,3,2017,27,,,2015,200.6328125
-1,75800,RAINFOREST_RESIN,9998,5,9996,1,9995,29,10004,1,10005,29,,,10001,1402
-1,75800,KELP,2014,30,,,,,2017,30,,,,,2015.5,198.38671875
-1,75900,KELP,2014,21,,,,,2018,21,,,,,2016,195.8984375
-1,75900,RAINFOREST_RESIN,9995,21,,,,,10002,8,10005,21,,,9998.5,1402
-1,76000,KELP,2015,32,,,,,2018,32,,,,,2016.5,185.3984375
-1,76000,RAINFOREST_RESIN,9998,2,9996,2,9995,30,10004,2,10005,30,,,10001,1402
-1,76100,RAINFOREST_RESIN,9996,1,9995,20,,,9998,1,10004,1,10005,20,9997,1402
-1,76100,KELP,2015,21,,,,,2018,21,,,,,2016.5,189.05078125
-1,76200,RAINFOREST_RESIN,9996,1,9995,21,,,10004,1,10005,21,,,10000,1404
-1,76200,KELP,2014,22,,,,,2018,22,,,,,2016,192.921875
-1,76300,KELP,2015,6,2014,27,,,2018,27,,,,,2016.5,195.28125
-1,76300,RAINFOREST_RESIN,9995,27,,,,,10005,27,,,,,10000,1404
-1,76400,KELP,2014,28,,,,,2018,28,,,,,2016,195.3203125
-1,76400,RAINFOREST_RESIN,9998,4,9995,28,,,10005,28,,,,,10001.5,1404
-1,76500,RAINFOREST_RESIN,9996,1,9995,27,,,10004,1,10005,27,,,10000,1404
-1,76500,KELP,2014,7,2013,27,,,2017,28,,,,,2015.5,211.01953125
-1,76600,RAINFOREST_RESIN,9996,2,9995,28,,,10004,2,10005,28,,,10000,1404
-1,76600,KELP,2014,30,,,,,2017,30,,,,,2015.5,206.06640625
-1,76700,KELP,2014,26,,,,,2016,4,2017,26,,,2015,205.22265625
-1,76700,RAINFOREST_RESIN,9996,1,9995,25,,,10004,1,10005,25,,,10000,1404
-1,76800,KELP,2014,25,,,,,2017,25,,,,,2015.5,208.671875
-1,76800,RAINFOREST_RESIN,9995,25,,,,,10005,25,,,,,10000,1404
-1,76900,RAINFOREST_RESIN,9998,5,9995,24,,,10005,24,,,,,10001.5,1404
-1,76900,KELP,2013,24,,,,,2014,6,2017,24,,,2013.5,217.82421875
-1,77000,RAINFOREST_RESIN,9996,1,9995,26,,,10002,4,10004,1,10005,26,9999,1404
-1,77000,KELP,2013,27,,,,,2016,27,,,,,2014.5,225.140625
-1,77100,KELP,2015,2,2014,3,2013,30,2016,30,,,,,2015.5,226.90625
-1,77100,RAINFOREST_RESIN,10000,3,9998,9,9996,1,10004,1,10005,29,,,10002,1406
-1,77200,KELP,2012,28,,,,,2014,7,2016,28,,,2013,238.5859375
-1,77200,RAINFOREST_RESIN,9996,1,9995,27,,,10004,1,10005,27,,,10000,1406
-1,77300,RAINFOREST_RESIN,9996,2,9995,22,,,10004,2,10005,22,,,10000,1406
-1,77300,KELP,2012,24,,,,,2015,24,,,,,2013.5,250.1064453125
-1,77400,RAINFOREST_RESIN,9995,30,,,,,10002,2,10005,30,,,9998.5,1406
-1,77400,KELP,2012,30,,,,,2016,30,,,,,2014,249.0029296875
-1,77500,KELP,2012,30,,,,,2015,30,,,,,2013.5,251.8701171875
