day;timestamp;product;bid_price_1;bid_volume_1;bid_price_2;bid_volume_2;bid_price_3;bid_volume_3;ask_price_1;ask_volume_1;ask_price_2;ask_volume_2;ask_price_3;ask_volume_3;mid_price;profit_and_loss
-1;0;RAINFOREST_RESIN;10002;1;9996;2;9995;29;10004;2;10005;29;;;10003.0;0.0
-1;0;KELP;2028;1;2026;2;2025;29;2029;31;;;;;2028.5;0.0
-1;100;KELP;2025;24;;;;;2028;2;2029;22;;;2026.5;0.0
-1;100;RAINFOREST_RESIN;9996;2;9995;22;;;10004;2;10005;22;;;10000.0;3.0
-1;200;RAINFOREST_RESIN;9995;20;;;;;10005;20;;;;;10000.0;3.0
-1;200;KELP;2025;22;;;;;2028;20;;;;;2026.5;0.0
-1;300;KELP;2025;31;;;;;2028;2;2029;29;;;2026.5;-22.9453125
-1;300;RAINFOREST_RESIN;9996;2;9995;29;;;10004;2;10005;29;;;10000.0;3.0
-1;400;RAINFOREST_RESIN;9996;2;9995;25;;;10004;2;10005;25;;;10000.0;3.0
-1;400;KELP;2025;27;;;;;2028;27;;;;;2026.5;-93.359375
-1;500;KELP;2025;30;;;;;2028;30;;;;;2026.5;-105.296875
-1;500;RAINFOREST_RESIN;9995;30;;;;;10002;4;10005;30;;;9998.5;3.0
-1;600;RAINFOREST_RESIN;10000;5;9995;25;;;10005;25;;;;;10002.5;3.0
-1;600;KELP;2026;5;2025;31;;;2028;25;;;;;2027.0;-117.1171875
-1;700;KELP;2025;2;2024;23;;;2028;23;;;;;2026.5;-135.046875
-1;700;RAINFOREST_RESIN;9995;23;;;;;10005;23;;;;;10000.0;3.0
-1;800;RAINFOREST_RESIN;9996;1;9995;29;;;10004;1;10005;29;;;10000.0;3.0
-1;800;KELP;2024;1;2023;29;;;2027;30;;;;;2025.5;-167.4921875
-1;900;KELP;2024;23;;;;;2027;23;;;;;2025.5;-142.8125
-1;900;RAINFOREST_RESIN;9996;1;9995;22;;;10004;1;10005;22;;;10000.0;3.0
-1;1000;RAINFOREST_RESIN;9995;26;;;;;10005;26;;;;;10000.0;3.0
-1;1000;KELP;2024;26;;;;;2026;6;2027;26;;;2025.0;-141.015625
-1;1100;KELP;2025;6;2024;26;;;2027;2;2028;24;;;2026.0;-135.453125
-1;1100;RAINFOREST_RESIN;9996;2;9995;24;;;10004;2;10005;24;;;10000.0;3.0
-1;1200;RAINFOREST_RESIN;9995;21;;;;;9998;1;10005;21;;;9996.5;13.0
-1;1200;KELP;2024;21;;;;;2026;8;2028;21;;;2025.0;-129.828125
-1;1300;KELP;2024;31;;;;;2028;31;;;;;2026.0;-129.015625
-1;1300;RAINFOREST_RESIN;10002;1;9996;1;9995;30;10004;1;10005;30;;;10003.0;15.0
-1;1400;RAINFOREST_RESIN;9996;1;9995;25;;;10004;1;10005;25;;;10000.0;17.0
-1;1400;KELP;2025;3;2024;25;;;2028;26;;;;;2026.5;-120.3984375
-1;1500;KELP;2024;27;;;;;2028;27;;;;;2026.0;-117.796875
-1;1500;RAINFOREST_RESIN;9995;27;;;;;10005;27;;;;;10000.0;17.0
-1;1600;RAINFOREST_RESIN;9995;29;;;;;10005;29;;;;;10000.0;17.0
-1;1600;KELP;2024;29;;;;;2026;4;2028;29;;;2025.0;-122.3203125
-1;1700;KELP;2024;22;;;;;2026;8;2028;22;;;2025.0;-126.5625
-1;1700;RAINFOREST_RESIN;9996;2;9995;20;;;10002;1;10004;2;10005;20;9999.0;17.0
-1;1800;RAINFOREST_RESIN;10002;1;9996;1;9995;22;10004;1;10005;22;;;10003.0;17.0
-1;1800;KELP;2024;23;;;;;2028;23;;;;;2026.0;-132.2734375
-1;1900;KELP;2024;29;;;;;2026;5;2027;29;;;2025.0;-147.4296875
-1;1900;RAINFOREST_RESIN;9996;1;9995;28;;;10004;1;10005;28;;;10000.0;17.0
-1;2000;KELP;2024;26;;;;;2027;26;;;;;2025.5;-146.2421875
-1;2000;RAINFOREST_RESIN;9996;2;9995;24;;;9998;1;10004;2;10005;24;9997.0;17.0
-1;2100;RAINFOREST_RESIN;9996;2;9995;25;;;10002;3;10004;2;10005;25;9999.0;19.0
-1;2100;KELP;2024;27;;;;;2027;2;2028;25;;;2025.5;-137.390625
-1;2200;RAINFOREST_RESIN;9998;8;9996;1;9995;24;10004;1;10005;24;;;10001.0;19.0
-1;2200;KELP;2024;25;;;;;2026;7;2027;1;2028;24;2025.0;-134.859375
-1;2300;KELP;2024;32;;;;;2028;32;;;;;2026.0;-127.9609375
-1;2300;RAINFOREST_RESIN;9998;7;9996;2;9995;30;10004;2;10005;30;;;10001.0;19.0
-1;2400;KELP;2024;29;;;;;2025;1;2028;29;;;2024.5;-124.4453125
-1;2400;RAINFOREST_RESIN;9995;29;;;;;10005;29;;;;;10000.0;19.0
-1;2500;RAINFOREST_RESIN;9996;1;9995;22;;;10004;1;10005;22;;;10000.0;19.0
-1;2500;KELP;2025;2;2024;23;;;2027;1;2028;22;;;2026.0;-134.234375
-1;2600;RAINFOREST_RESIN;9995;23;;;;;10005;23;;;;;10000.0;19.0
-1;2600;KELP;2025;3;2024;23;;;2028;23;;;;;2026.5;-134.1015625
-1;2700;KELP;2024;26;;;;;2027;26;;;;;2025.5;-140.609375
-1;2700;RAINFOREST_RESIN;9998;6;9995;26;;;10005;26;;;;;10001.5;19.0
-1;2800;KELP;2023;25;;;;;2027;25;;;;;2025.0;-172.4609375
-1;2800;RAINFOREST_RESIN;9995;25;;;;;10005;25;;;;;10000.0;19.0
-1;2900;RAINFOREST_RESIN;9996;1;9995;25;;;10004;1;10005;25;;;10000.0;19.0
-1;2900;KELP;2023;26;;;;;2027;26;;;;;2025.0;-178.546875
-1;3000;RAINFOREST_RESIN;9998;1;9995;26;;;10005;26;;;;;10001.5;43.0
-1;3000;KELP;2024;29;;;;;2027;26;;;;;2025.5;-162.09375
-1;3100;KELP;2023;26;;;;;2025;5;2026;26;;;2024.0;-211.671875
-1;3100;RAINFOREST_RESIN;9996;2;9995;24;;;10004;2;10005;24;;;10000.0;44.0
-1;3200;KELP;2023;23;;;;;2025;3;2026;23;;;2024.0;-202.8359375
-1;3200;RAINFOREST_RESIN;9996;1;9995;22;;;10004;1;10005;22;;;10000.0;48.0
-1;3300;RAINFOREST_RESIN;9996;2;9995;30;;;10004;2;10005;30;;;10000.0;52.0
-1;3300;KELP;2023;32;;;;;2025;2;2026;32;;;2024.0;-195.8046875
-1;3400;RAINFOREST_RESIN;9996;2;9995;24;;;10004;2;10005;24;;;10000.0;52.0
-1;3400;KELP;2023;26;;;;;2026;26;;;;;2024.5;-197.1796875
-1;3500;KELP;2023;26;;;;;2026;26;;;;;2024.5;-196.34375
-1;3500;RAINFOREST_RESIN;9995;26;;;;;10005;26;;;;;10000.0;52.0
-1;3600;KELP;2023;21;;;;;2026;21;;;;;2024.5;-196.515625
-1;3600;RAINFOREST_RESIN;9995;21;;;;;9998;4;10005;21;;;9996.5;52.0
-1;3700;RAINFOREST_RESIN;10002;1;9996;1;9995;23;10004;1;10005;23;;;10003.0;60.0
-1;3700;KELP;2023;27;;;;;2026;24;;;;;2024.5;-211.609375
-1;3800;RAINFOREST_RESIN;9996;2;9995;23;;;10002;10;10004;2;10005;23;9999.0;62.0
-1;3800;KELP;2023;25;;;;;2026;25;;;;;2024.5;-212.125
-1;3900;KELP;2023;28;;;;;2026;26;;;;;2024.5;-207.7890625
-1;3900;RAINFOREST_RESIN;9998;1;9996;1;9995;25;10004;1;10005;25;;;10001.0;64.0
-1;4000;KELP;2023;32;;;;;2026;32;;;;;2024.5;-198.0078125
-1;4000;RAINFOREST_RESIN;9996;2;9995;30;;;10004;2;10005;30;;;10000.0;64.0
-1;4100;RAINFOREST_RESIN;9996;2;9995;27;;;10004;2;10005;27;;;10000.0;64.0
-1;4100;KELP;2023;29;;;;;2027;29;;;;;2025.0;-179.421875
-1;4200;RAINFOREST_RESIN;9996;2;9995;24;;;10002;4;10004;2;10005;24;9999.0;64.0
-1;4200;KELP;2023;26;;;;;2027;26;;;;;2025.0;-180.1796875
-1;4300;KELP;2023;29;;;;;2024;5;2026;22;;;2023.5;-199.25
-1;4300;RAINFOREST_RESIN;9995;22;;;;;9998;1;10000;6;10005;22;9996.5;80.0
-1;4400;KELP;2023;30;;;;;2026;30;;;;;2024.5;-196.6484375
-1;4400;RAINFOREST_RESIN;9995;30;;;;;10005;30;;;;;10000.0;88.0
-1;4500;RAINFOREST_RESIN;9996;1;9995;28;;;10002;10;10004;1;10005;28;9999.0;88.0
-1;4500;KELP;2023;28;;;;;2026;29;;;;;2024.5;-201.2734375
-1;4600;RAINFOREST_RESIN;9996;1;9995;29;;;10002;10;10004;1;10005;29;9999.0;88.0
-1;4600;KELP;2023;30;;;;;2026;30;;;;;2024.5;-243.74609375
-1;4700;KELP;2023;25;;;;;2025;3;2026;32;;;2024.0;-743.484375
-1;4700;RAINFOREST_RESIN;9996;2;9995;30;;;10004;2;10005;30;;;10000.0;88.0
-1;4800;KELP;2023;24;;;;;2027;24;;;;;2025.0;-754.25
-1;4800;RAINFOREST_RESIN;9998;6;9996;2;9995;22;10004;2;10005;22;;;10001.0;88.0
-1;4900;RAINFOREST_RESIN;9995;22;;;;;10002;7;10005;22;;;9998.5;90.0
-1;4900;KELP;2023;22;;;;;2027;22;;;;;2025.0;-757.34375
-1;5000;RAINFOREST_RESIN;9998;3;9996;2;9995;28;10004;2;10005;28;;;10001.0;90.0
-1;5000;KELP;2023;30;;;;;2026;30;;;;;2024.5;-736.171875
-1;5100;KELP;2023;37;;;;;2026;31;;;;;2024.5;-737.2578125
-1;5100;RAINFOREST_RESIN;9996;1;9995;30;;;10004;1;10005;30;;;10000.0;90.0
-1;5200;KELP;2023;35;;;;;2026;27;;;;;2024.5;-735.65625
-1;5200;RAINFOREST_RESIN;9998;9;9996;1;9995;26;10004;1;10005;26;;;10001.0;90.0
-1;5300;RAINFOREST_RESIN;9996;1;9995;20;;;10004;1;10005;20;;;10000.0;90.0
-1;5300;KELP;2025;1;2023;21;;;2026;21;;;;;2025.5;-774.6015625
-1;5400;RAINFOREST_RESIN;9995;21;;;;;10005;21;;;;;10000.0;90.0
-1;5400;KELP;2023;21;;;;;2025;6;2027;21;;;2024.0;-804.981201171875
-1;5500;KELP;2023;27;;;;;2027;27;;;;;2025.0;-804.529296875
-1;5500;RAINFOREST_RESIN;9995;27;;;;;10005;27;;;;;10000.0;90.0
-1;5600;KELP;2025;2;2023;28;;;2027;28;;;;;2026.0;-804.2880859375
-1;5600;RAINFOREST_RESIN;9995;28;;;;;10005;28;;;;;10000.0;90.0
-1;5700;RAINFOREST_RESIN;9998;2;9995;27;;;10005;27;;;;;10001.5;90.0
-1;5700;KELP;2024;26;;;;;2027;27;;;;;2025.5;-803.83984375
-1;5800;RAINFOREST_RESIN;9996;1;9995;30;;;10004;1;10005;30;;;10000.0;90.0
-1;5800;KELP;2024;31;;;;;2027;31;;;;;2025.5;-1294.3203125
-1;5900;KELP;2024;35;;;;;2027;30;;;;;2025.5;-1290.375
-1;5900;RAINFOREST_RESIN;9996;2;9995;28;;;10004;2;10005;28;;;10000.0;90.0
-1;6000;KELP;2024;30;;;;;2027;30;;;;;2025.5;-1287.9453125
-1;6000;RAINFOREST_RESIN;9995;30;;;;;10005;30;;;;;10000.0;90.0
-1;6100;RAINFOREST_RESIN;9996;1;9995;24;;;10004;1;10005;24;;;10000.0;90.0
-1;6100;KELP;2024;24;;;;;2027;25;;;;;2025.5;-1287.96875
-1;6200;RAINFOREST_RESIN;9996;1;9995;21;;;10004;1;10005;21;;;10000.0;90.0
-1;6200;KELP;2024;22;;;;;2027;22;;;;;2025.5;-1290.6171875
-1;6300;KELP;2024;30;;;;;2027;25;;;;;2025.5;-1301.796875
-1;6300;RAINFOREST_RESIN;9996;2;9995;23;;;10004;2;10005;23;;;10000.0;90.0
-1;6400;KELP;2024;25;;;;;2027;25;;;;;2025.5;-1300.703125
-1;6400;RAINFOREST_RESIN;9996;1;9995;24;;;10004;1;10005;24;;;10000.0;90.0
-1;6500;RAINFOREST_RESIN;9996;1;9995;26;;;9998;1;10004;1;10005;26;9997.0;90.0
-1;6500;KELP;2024;27;;;;;2027;27;;;;;2025.5;-1290.0390625
-1;6600;RAINFOREST_RESIN;9996;2;9995;24;;;10004;2;10005;24;;;10000.0;92.0
-1;6600;KELP;2024;26;;;;;2028;26;;;;;2026.0;-1315.09375
-1;6700;KELP;2025;7;2024;20;;;2028;20;;;;;2026.5;-1322.609375
-1;6700;RAINFOREST_RESIN;9995;20;;;;;10002;3;10005;20;;;9998.5;100.0
-1;6800;KELP;2024;32;;;;;2026;8;2027;2;2028;30;2025.0;-1305.4453125
-1;6800;RAINFOREST_RESIN;9996;2;9995;30;;;10004;2;10005;30;;;10000.0;100.0
-1;6900;RAINFOREST_RESIN;9996;1;9995;26;;;10002;5;10004;1;10005;26;9999.0;100.0
-1;6900;KELP;2024;27;;;;;2026;1;2027;27;;;2025.0;-1296.78125
-1;7000;RAINFOREST_RESIN;9998;2;9995;27;;;10005;27;;;;;10001.5;100.0
-1;7000;KELP;2026;4;2024;27;;;2027;27;;;;;2026.5;-1299.421875
-1;7100;KELP;2024;30;;;;;2027;30;;;;;2025.5;-1289.2734375
-1;7100;RAINFOREST_RESIN;9996;1;9995;29;;;10004;1;10005;29;;;10000.0;100.0
-1;7200;KELP;2024;28;;;;;2027;28;;;;;2025.5;-1283.796875
-1;7200;RAINFOREST_RESIN;9998;5;9996;1;9995;27;10004;1;10005;27;;;10001.0;100.0
-1;7300;RAINFOREST_RESIN;10002;1;9996;2;9995;29;10004;2;10005;29;;;10003.0;100.0
-1;7300;KELP;2024;35;;;;;2027;31;;;;;2025.5;-1283.390625
-1;7400;RAINFOREST_RESIN;9996;1;9995;22;;;10004;1;10005;22;;;10000.0;106.0
-1;7400;KELP;2024;22;;;;;2027;23;;;;;2025.5;-1335.5390625
-1;7500;KELP;2024;25;;;;;2027;25;;;;;2025.5;-1369.6328125
-1;7500;RAINFOREST_RESIN;9995;25;;;;;10002;10;10005;25;;;9998.5;106.0
-1;7600;KELP;2024;22;;;;;2027;22;;;;;2025.5;-1381.9765625
-1;7600;RAINFOREST_RESIN;9996;2;9995;20;;;10004;2;10005;20;;;10000.0;106.0
-1;7700;RAINFOREST_RESIN;9995;22;;;;;10005;22;;;;;10000.0;106.0
-1;7700;KELP;2024;21;;;;;2027;22;;;;;2025.5;-1380.9609375
-1;7800;RAINFOREST_RESIN;9998;3;9996;1;9995;22;10004;1;10005;22;;;10001.0;106.0
-1;7800;KELP;2024;23;;;;;2027;23;;;;;2025.5;-1380.0546875
-1;7900;KELP;2024;31;;;;;2027;27;;;;;2025.5;-1379.5078125
-1;7900;RAINFOREST_RESIN;9996;1;9995;26;;;10004;1;10005;26;;;10000.0;106.0
-1;8000;KELP;2024;27;;;;;2026;8;2027;27;;;2025.0;-1374.21875
-1;8000;RAINFOREST_RESIN;9995;27;;;;;10005;27;;;;;10000.0;106.0
-1;8100;RAINFOREST_RESIN;9996;1;9995;22;;;10004;1;10005;22;;;10000.0;106.0
-1;8100;KELP;2023;23;;;;;2027;23;;;;;2025.0;-1354.9375
-1;8200;RAINFOREST_RESIN;9995;23;;;;;10005;23;;;;;10000.0;109.0
-1;8200;KELP;2023;23;;;;;2025;1;2026;23;;;2024.0;-1347.4140625
-1;8300;KELP;2023;30;;;;;2026;30;;;;;2024.5;-1330.0
-1;8300;RAINFOREST_RESIN;9996;1;9995;29;;;10004;1;10005;29;;;10000.0;109.0
-1;8400;RAINFOREST_RESIN;9995;28;;;;;10005;28;;;;;10000.0;109.0
-1;8400;KELP;2023;28;;;;;2026;28;;;;;2024.5;-1330.890625
-1;8500;KELP;2023;31;;;;;2026;31;;;;;2024.5;-1326.9453125
-1;8500;RAINFOREST_RESIN;9998;10;9996;2;9995;29;10004;2;10005;29;;;10001.0;109.0
-1;8600;RAINFOREST_RESIN;9996;1;9995;22;;;10004;1;10005;22;;;10000.0;109.0
-1;8600;KELP;2023;22;;;;;2026;23;;;;;2024.5;-1335.1015625
-1;8700;KELP;2023;27;;;;;2025;4;2026;27;;;2024.0;-1343.6875
-1;8700;RAINFOREST_RESIN;9998;10;9995;27;;;10005;27;;;;;10001.5;109.0
-1;8800;RAINFOREST_RESIN;9995;25;;;;;9998;1;10005;25;;;9996.5;109.0
-1;8800;KELP;2024;7;2023;25;;;2027;25;;;;;2025.5;-1358.546875
-1;8900;KELP;2024;1;2023;26;;;2027;26;;;;;2025.5;-1355.9453125
-1;8900;RAINFOREST_RESIN;9998;9;9995;26;;;10005;26;;;;;10001.5;111.0
-1;9000;RAINFOREST_RESIN;9996;2;9995;29;;;10004;2;10005;29;;;10000.0;111.0
-1;9000;KELP;2023;31;;;;;2027;31;;;;;2025.0;-1354.8671875
-1;9100;KELP;2023;29;;;;;2026;2;2027;27;;;2024.5;-1350.7265625
-1;9100;RAINFOREST_RESIN;9998;3;9996;2;9995;27;10004;2;10005;27;;;10001.0;111.0
-1;9200;RAINFOREST_RESIN;9998;10;9995;27;;;10005;27;;;;;10001.5;111.0
-1;9200;KELP;2023;27;;;;;2025;7;2026;27;;;2024.0;-1348.078125
-1;9300;KELP;2023;21;;;;;2026;21;;;;;2024.5;-1339.0
-1;9300;RAINFOREST_RESIN;9996;1;9995;20;;;10004;1;10005;20;;;10000.0;111.0
-1;9400;RAINFOREST_RESIN;9998;2;9996;2;9995;21;10004;2;10005;21;;;10001.0;111.0
-1;9400;KELP;2023;23;;;;;2026;23;;;;;2024.5;-1334.75
-1;9500;KELP;2023;35;;;;;2026;31;;;;;2024.5;-1338.2265625
-1;9500;RAINFOREST_RESIN;9996;1;9995;30;;;10004;1;10005;30;;;10000.0;111.0
-1;9600;RAINFOREST_RESIN;9996;1;9995;30;;;10004;1;10005;30;;;10000.0;111.0
-1;9600;KELP;2023;31;;;;;2026;31;;;;;2024.5;-1379.203125
-1;9700;KELP;2023;22;;;;;2026;22;;;;;2024.5;-1525.4765625
-1;9700;RAINFOREST_RESIN;9995;22;;;;;10002;1;10005;22;;;9998.5;111.0
-1;9800;RAINFOREST_RESIN;9995;26;;;;;10005;26;;;;;10000.0;111.0
-1;9800;KELP;2023;26;;;;;2026;26;;;;;2024.5;-1523.0546875
-1;9900;KELP;2025;4;2023;25;;;2026;25;;;;;2025.5;-1513.4140625
-1;9900;RAINFOREST_RESIN;9995;25;;;;;10005;25;;;;;10000.0;111.0
-1;10000;RAINFOREST_RESIN;9995;28;;;;;10005;28;;;;;10000.0;111.0
-1;10000;KELP;2023;36;;;;;2026;28;;;;;2024.5;-1514.546875
-1;10100;KELP;2023;25;;;;;2026;25;;;;;2024.5;-1518.9140625
-1;10100;RAINFOREST_RESIN;9996;1;9995;24;;;10002;3;10004;1;10005;24;9999.0;111.0
-1;10200;RAINFOREST_RESIN;9996;2;9995;26;;;10004;2;10005;26;;;10000.0;111.0
-1;10200;KELP;2022;28;;;;;2026;28;;;;;2024.0;-1548.0625
-1;10300;KELP;2024;1;2022;35;;;2025;27;;;;;2024.5;-1577.078125
-1;10300;RAINFOREST_RESIN;9998;4;9995;27;;;10005;27;;;;;10001.5;111.0
-1;10400;RAINFOREST_RESIN;10002;1;9996;1;9995;28;10004;1;10005;28;;;10003.0;111.0
-1;10400;KELP;2023;1;2022;29;;;2026;29;;;;;2024.5;-1544.671875
-1;10500;KELP;2023;2;2022;29;;;2026;31;;;;;2024.5;-1540.0
-1;10500;RAINFOREST_RESIN;9998;4;9996;2;9995;29;10004;2;10005;29;;;10001.0;113.0
-1;10600;RAINFOREST_RESIN;9996;2;9995;29;;;10000;4;10004;2;10005;29;9998.0;113.0
-1;10600;KELP;2022;31;;;;;2023;4;2024;4;2025;31;2022.5;-1568.125
-1;10700;KELP;2022;29;;;;;2025;28;;;;;2023.5;-1573.921875
-1;10700;RAINFOREST_RESIN;9998;8;9995;28;;;10005;28;;;;;10001.5;113.0
-1;10800;RAINFOREST_RESIN;9998;5;9996;2;9995;22;10004;2;10005;22;;;10001.0;113.0
-1;10800;KELP;2022;27;;;;;2025;24;;;;;2023.5;-1569.5234375
-1;10900;KELP;2022;35;;;;;2025;28;;;;;2023.5;-1570.828125
-1;10900;RAINFOREST_RESIN;9996;1;9995;27;;;10004;1;10005;27;;;10000.0;137.0
-1;11000;KELP;2024;7;2022;24;;;2025;24;;;;;2024.5;-1570.9609375
-1;11000;RAINFOREST_RESIN;9995;24;;;;;10002;7;10005;24;;;9998.5;137.0
-1;11100;RAINFOREST_RESIN;9998;3;9995;21;;;10005;21;;;;;10001.5;137.0
-1;11100;KELP;2022;21;;;;;2025;21;;;;;2023.5;-1568.03125
-1;11200;RAINFOREST_RESIN;9996;2;9995;21;;;10002;7;10004;2;10005;21;9999.0;144.0
-1;11200;KELP;2022;23;;;;;2025;23;;;;;2023.5;-1572.046875
-1;11300;KELP;2022;25;;;;;2025;22;;;;;2023.5;-1568.28125
-1;11300;RAINFOREST_RESIN;9996;1;9995;21;;;10004;1;10005;21;;;10000.0;144.0
-1;11400;KELP;2022;26;;;;;2025;26;;;;;2023.5;-1562.859375
-1;11400;RAINFOREST_RESIN;9996;1;9995;25;;;10004;1;10005;25;;;10000.0;144.0
-1;11500;RAINFOREST_RESIN;9996;1;9995;25;;;10002;7;10004;1;10005;25;9999.0;148.0
-1;11500;KELP;2022;26;;;;;2024;8;2025;26;;;2023.0;-1564.9375
-1;11600;RAINFOREST_RESIN;9996;2;9995;27;;;10002;2;10004;2;10005;27;9999.0;148.0
-1;11600;KELP;2022;29;;;;;2026;29;;;;;2024.0;-1541.4609375
-1;11700;KELP;2022;23;;;;;2023;2;2026;23;;;2022.5;-1550.75
-1;11700;RAINFOREST_RESIN;9996;2;9995;21;;;10004;2;10005;21;;;10000.0;148.0
-1;11800;KELP;2022;29;;;;;2024;4;2026;29;;;2023.0;-1537.890625
-1;11800;RAINFOREST_RESIN;9998;10;9995;29;;;10000;5;10005;29;;;9999.0;148.0
-1;11900;RAINFOREST_RESIN;9996;2;9995;30;;;10004;2;10005;30;;;10000.0;148.0
-1;11900;KELP;2023;2;2022;30;;;2024;3;2026;32;;;2023.5;-1539.9140625
-1;12000;RAINFOREST_RESIN;10002;1;9995;20;;;10005;20;;;;;10003.5;148.0
-1;12000;KELP;2023;20;;;;;2026;20;;;;;2024.5;-1523.453125
-1;12100;KELP;2023;27;;;;;2025;1;2026;27;;;2024.0;-1524.0859375
-1;12100;RAINFOREST_RESIN;9996;2;9995;25;;;10004;2;10005;25;;;10000.0;150.0
-1;12200;KELP;2023;34;;;;;2026;30;;;;;2024.5;-1524.75
-1;12200;RAINFOREST_RESIN;9996;2;9995;28;;;10004;2;10005;28;;;10000.0;150.0
-1;12300;RAINFOREST_RESIN;9998;6;9996;1;9995;28;10004;1;10005;28;;;10001.0;150.0
-1;12300;KELP;2023;29;;;;;2026;29;;;;;2024.5;-1521.65625
-1;12400;RAINFOREST_RESIN;9995;26;;;;;10005;26;;;;;10000.0;150.0
-1;12400;KELP;2023;30;;;;;2026;26;;;;;2024.5;-1519.1953125
-1;12500;KELP;2023;19;;;;;2026;20;;;;;2024.5;-1525.4453125
-1;12500;RAINFOREST_RESIN;9995;20;;;;;10005;20;;;;;10000.0;150.0
-1;12600;KELP;2023;22;;;;;2026;22;;;;;2024.5;-1556.4921875
-1;12600;RAINFOREST_RESIN;9995;22;;;;;10005;22;;;;;10000.0;150.0
-1;12700;RAINFOREST_RESIN;9996;2;9995;20;;;10004;2;10005;20;;;10000.0;150.0
-1;12700;KELP;2023;22;;;;;2026;22;;;;;2024.5;-1584.40234375
-1;12800;RAINFOREST_RESIN;9996;2;9995;20;;;10004;2;10005;20;;;10000.0;150.0
-1;12800;KELP;2023;22;;;;;2026;22;;;;;2024.5;-1616.107421875
-1;12900;KELP;2023;36;;;;;2026;29;;;;;2024.5;-1617.283203125
-1;12900;RAINFOREST_RESIN;9996;1;9995;28;;;10002;3;10004;1;10005;28;9999.0;150.0
-1;13000;KELP;2025;1;2023;6;2022;20;2026;20;;;;;2025.5;-1611.875
-1;13000;RAINFOREST_RESIN;10002;1;9995;20;;;10005;20;;;;;10003.5;150.0
-1;13100;RAINFOREST_RESIN;9996;1;9995;25;;;10004;1;10005;25;;;10000.0;152.0
-1;13100;KELP;2023;33;;;;;2026;26;;;;;2024.5;-1613.720703125
-1;13200;RAINFOREST_RESIN;9998;2;9995;22;;;10005;22;;;;;10001.5;152.0
-1;13200;KELP;2022;22;;;;;2025;5;2026;22;;;2023.5;-1762.3359375
-1;13300;KELP;2023;6;2022;24;;;2026;24;;;;;2024.5;-1763.8828125
-1;13300;RAINFOREST_RESIN;9995;24;;;;;10005;24;;;;;10000.0;152.0
-1;13400;KELP;2023;32;;;;;2026;32;;;;;2024.5;-1761.9921875
-1;13400;RAINFOREST_RESIN;9996;2;9995;30;;;10004;2;10005;30;;;10000.0;154.0
-1;13500;RAINFOREST_RESIN;9995;30;;;;;10005;30;;;;;10000.0;154.0
-1;13500;KELP;2022;30;;;;;2025;8;2026;30;;;2023.5;-1762.6015625
-1;13600;RAINFOREST_RESIN;9995;25;;;;;10002;10;10005;25;;;9998.5;154.0
-1;13600;KELP;2023;24;;;;;2025;3;2026;25;;;2024.0;-1754.9296875
-1;13700;KELP;2023;25;;;;;2026;21;;;;;2024.5;-1754.765625
-1;13700;RAINFOREST_RESIN;9996;1;9995;20;;;9998;4;10004;1;10005;20;9997.0;154.0
-1;13800;KELP;2023;23;;;;;2026;22;;;;;2024.5;-1751.71875
-1;13800;RAINFOREST_RESIN;9996;2;9995;20;;;10004;2;10005;20;;;10000.0;162.0
-1;13900;RAINFOREST_RESIN;9996;2;9995;20;;;10000;6;10004;2;10005;20;9998.0;162.0
-1;13900;KELP;2023;22;;;;;2024;6;2025;4;2026;22;2023.5;-1758.390625
-1;14000;RAINFOREST_RESIN;9998;5;9996;2;9995;27;10004;2;10005;27;;;10001.0;162.0
-1;14000;KELP;2023;3;2022;29;;;2026;29;;;;;2024.5;-1767.609375
-1;14100;KELP;2023;25;;;;;2025;1;2026;25;;;2024.0;-1751.140625
-1;14100;RAINFOREST_RESIN;9996;2;9995;23;;;10004;2;10005;23;;;10000.0;162.0
-1;14200;KELP;2023;20;;;;;2026;21;;;;;2024.5;-1750.1796875
-1;14200;RAINFOREST_RESIN;9995;21;;;;;10005;21;;;;;10000.0;162.0
-1;14300;RAINFOREST_RESIN;9996;2;9995;27;;;10004;2;10005;27;;;10000.0;162.0
-1;14300;KELP;2022;29;;;;;2026;29;;;;;2024.0;-1792.92578125
-1;14400;RAINFOREST_RESIN;9996;1;9995;29;;;10004;1;10005;29;;;10000.0;162.0
-1;14400;KELP;2023;30;;;;;2026;30;;;;;2024.5;-1850.769775390625
-1;14500;KELP;2023;24;;;;;2026;24;;;;;2024.5;-1957.5390625
-1;14500;RAINFOREST_RESIN;9995;24;;;;;10002;1;10005;24;;;9998.5;162.0
-1;14600;KELP;2022;28;;;;;2024;2;2026;28;;;2023.0;-1947.75
-1;14600;RAINFOREST_RESIN;9996;2;9995;26;;;10000;2;10004;2;10005;26;9998.0;162.0
-1;14700;RAINFOREST_RESIN;9995;30;;;;;10002;7;10005;30;;;9998.5;162.0
-1;14700;KELP;2022;30;;;;;2025;30;;;;;2023.5;-1928.5390625
-1;14800;RAINFOREST_RESIN;9995;28;;;;;10002;6;10005;28;;;9998.5;162.0
-1;14800;KELP;2022;28;;;;;2025;28;;;;;2023.5;-1927.9765625
-1;14900;KELP;2023;4;2022;26;;;2025;26;;;;;2024.0;-1926.5390625
-1;14900;RAINFOREST_RESIN;10000;4;9995;26;;;10005;26;;;;;10002.5;162.0
-1;15000;KELP;2024;8;2022;25;;;2025;25;;;;;2024.5;-1922.453125
-1;15000;RAINFOREST_RESIN;9998;1;9995;25;;;10005;25;;;;;10001.5;162.0
-1;15100;RAINFOREST_RESIN;9995;22;;;;;10005;22;;;;;10000.0;162.0
-1;15100;KELP;2022;27;;;;;2025;22;;;;;2023.5;-1913.234375
-1;15200;RAINFOREST_RESIN;9998;6;9995;27;;;10005;27;;;;;10001.5;162.0
-1;15200;KELP;2022;26;;;;;2025;27;;;;;2023.5;-1948.4765625
-1;15300;KELP;2022;26;;;;;2024;4;2025;26;;;2023.0;-1976.953125
-1;15300;RAINFOREST_RESIN;9995;26;;;;;10002;1;10005;26;;;9998.5;162.0
-1;15400;KELP;2022;35;;;;;2025;30;;;;;2023.5;-1973.9609375
-1;15400;RAINFOREST_RESIN;9996;2;9995;28;;;9998;1;10004;2;10005;28;9997.0;166.0
-1;15500;RAINFOREST_RESIN;10002;1;9996;2;9995;29;10004;2;10005;29;;;10003.0;168.0
-1;15500;KELP;2022;31;;;;;2024;8;2025;31;;;2023.0;-1980.0859375
-1;15600;RAINFOREST_RESIN;9996;2;9995;24;;;10004;2;10005;24;;;10000.0;170.0
-1;15600;KELP;2022;31;;;;;2025;26;;;;;2023.5;-1985.1640625
-1;15700;KELP;2022;25;;;;;2025;25;;;;;2023.5;-1993.1171875
-1;15700;RAINFOREST_RESIN;10002;5;9996;1;9995;24;10004;1;10005;24;;;10003.0;174.0
-1;15800;KELP;2025;1;2022;22;;;2026;22;;;;;2025.5;-2010.4609375
-1;15800;RAINFOREST_RESIN;9998;10;9996;2;9995;20;10004;2;10005;20;;;10001.0;184.0
-1;15900;RAINFOREST_RESIN;9996;2;9995;29;;;10000;6;10004;2;10005;29;9998.0;184.0
-1;15900;KELP;2023;31;;;;;2024;6;2025;2;2026;31;2023.5;-2025.890625
-1;16000;RAINFOREST_RESIN;9996;2;9995;27;;;10002;6;10004;2;10005;27;9999.0;184.0
-1;16000;KELP;2023;29;;;;;2025;2;2026;29;;;2024.0;-2021.8046875
-1;16100;KELP;2022;21;;;;;2023;2;2026;21;;;2022.5;-2002.4375
-1;16100;RAINFOREST_RESIN;9995;21;;;;;10000;2;10002;10;10005;21;9997.5;184.0
-1;16200;KELP;2022;24;;;;;2023;1;2026;24;;;2022.5;-2005.640625
-1;16200;RAINFOREST_RESIN;9995;24;;;;;9998;1;10005;24;;;9996.5;184.0
-1;16300;RAINFOREST_RESIN;9996;1;9995;22;;;10004;1;10005;22;;;10000.0;184.0
-1;16300;KELP;2023;2;2022;23;;;2026;23;;;;;2024.5;-2003.40625
-1;16400;RAINFOREST_RESIN;9996;2;9995;30;;;10002;3;10004;2;10005;30;9999.0;192.0
-1;16400;KELP;2023;2;2022;30;;;2026;32;;;;;2024.5;-2011.7265625
-1;16500;KELP;2023;2;2022;21;;;2026;23;;;;;2024.5;-2012.6640625
-1;16500;RAINFOREST_RESIN;9996;2;9995;21;;;10002;7;10004;2;10005;21;9999.0;192.0
-1;16600;KELP;2022;30;;;;;2023;1;2026;30;;;2022.5;-2008.5078125
-1;16600;RAINFOREST_RESIN;9998;4;9996;2;9995;28;10004;2;10005;28;;;10001.0;192.0
-1;16700;RAINFOREST_RESIN;10002;1;9995;26;;;10005;26;;;;;10003.5;192.0
-1;16700;KELP;2025;1;2022;26;;;2026;26;;;;;2025.5;-2010.8203125
-1;16800;RAINFOREST_RESIN;9995;26;;;;;10005;26;;;;;10000.0;194.0
-1;16800;KELP;2022;26;;;;;2026;26;;;;;2024.0;-2006.40625
-1;16900;KELP;2023;1;2022;25;;;2026;26;;;;;2024.5;-2011.1875
-1;16900;RAINFOREST_RESIN;9996;1;9995;25;;;10004;1;10005;25;;;10000.0;204.0
-1;17000;KELP;2023;29;;;;;2026;29;;;;;2024.5;-2016.0625
-1;17000;RAINFOREST_RESIN;9998;9;9995;29;;;10005;29;;;;;10001.5;204.0
-1;17100;KELP;2023;23;;;;;2026;23;;;;;2024.5;-2020.34375
-1;17100;RAINFOREST_RESIN;9996;2;9995;21;;;10004;2;10005;21;;;10000.0;204.0
-1;17200;RAINFOREST_RESIN;9998;3;9996;2;9995;22;10004;2;10005;22;;;10001.0;204.0
-1;17200;KELP;2023;24;;;;;2026;24;;;;;2024.5;-2025.515625
-1;17300;KELP;2023;25;;;;;2025;6;2026;25;;;2024.0;-2028.8203125
-1;17300;RAINFOREST_RESIN;9996;2;9995;23;;;10002;9;10004;2;10005;23;9999.0;204.0
-1;17400;RAINFOREST_RESIN;10000;6;9998;7;9995;28;10005;28;;;;;10002.5;204.0
-1;17400;KELP;2024;6;2023;28;;;2026;28;;;;;2025.0;-2037.3359375
-1;17500;KELP;2023;26;;;;;2027;26;;;;;2025.0;-2038.75
-1;17500;RAINFOREST_RESIN;9995;26;;;;;10005;26;;;;;10000.0;204.0
-1;17600;RAINFOREST_RESIN;9998;6;9995;30;;;10005;30;;;;;10001.5;204.0
-1;17600;KELP;2023;30;;;;;2026;30;;;;;2024.5;-2034.609375
-1;17700;KELP;2025;1;2023;29;;;2026;29;;;;;2025.5;-2031.671875
-1;17700;RAINFOREST_RESIN;9996;2;9995;27;;;10004;2;10005;27;;;10000.0;204.0
-1;17800;RAINFOREST_RESIN;9996;2;9995;24;;;10002;5;10004;2;10005;24;9999.0;204.0
-1;17800;KELP;2023;26;;;;;2026;2;2027;24;;;2024.5;-2037.4921875
-1;17900;KELP;2023;23;;;;;2027;23;;;;;2025.0;-2039.140625
-1;17900;RAINFOREST_RESIN;9995;23;;;;;10005;23;;;;;10000.0;204.0
-1;18000;RAINFOREST_RESIN;9996;2;9995;25;;;10004;2;10005;25;;;10000.0;204.0
-1;18000;KELP;2023;27;;;;;2026;27;;;;;2024.5;-2035.875
-1;18100;KELP;2023;20;;;;;2027;20;;;;;2025.0;-2047.0078125
-1;18100;RAINFOREST_RESIN;9995;20;;;;;10005;20;;;;;10000.0;204.0
-1;18200;RAINFOREST_RESIN;9996;1;9995;25;;;10004;1;10005;25;;;10000.0;204.0
-1;18200;KELP;2024;21;;;;;2027;26;;;;;2025.5;-2059.015625
-1;18300;KELP;2023;25;;;;;2027;25;;;;;2025.0;-2050.4453125
-1;18300;RAINFOREST_RESIN;9996;2;9995;23;;;10004;2;10005;23;;;10000.0;204.0
-1;18400;RAINFOREST_RESIN;9996;2;9995;23;;;10004;2;10005;23;;;10000.0;204.0
-1;18400;KELP;2024;25;;;;;2026;5;2027;25;;;2025.0;-2066.1328125
-1;18500;KELP;2024;29;;;;;2025;1;2027;29;;;2024.5;-2068.6484375
-1;18500;RAINFOREST_RESIN;9995;29;;;;;10000;2;10005;29;;;9997.5;204.0
-1;18600;RAINFOREST_RESIN;10002;1;9995;20;;;10005;20;;;;;10003.5;204.0
-1;18600;KELP;2024;20;;;;;2026;5;2027;20;;;2025.0;-2072.9140625
-1;18700;KELP;2024;22;;;;;2027;22;;;;;2025.5;-2074.09375
-1;18700;RAINFOREST_RESIN;9995;22;;;;;10005;22;;;;;10000.0;206.0
-1;18800;RAINFOREST_RESIN;9996;2;9995;26;;;10004;2;10005;26;;;10000.0;206.0
-1;18800;KELP;2024;28;;;;;2027;28;;;;;2025.5;-2064.8203125
-1;18900;KELP;2024;22;;;;;2027;22;;;;;2025.5;-2068.90625
-1;18900;RAINFOREST_RESIN;9998;2;9995;22;;;10005;22;;;;;10001.5;206.0
-1;19000;RAINFOREST_RESIN;9996;2;9995;26;;;10004;2;10005;26;;;10000.0;206.0
-1;19000;KELP;2024;18;;;;;2027;28;;;;;2025.5;-2069.7265625
-1;19100;KELP;2024;28;;;;;2027;28;;;;;2025.5;-2070.8125
-1;19100;RAINFOREST_RESIN;9996;2;9995;26;;;10004;2;10005;26;;;10000.0;206.0
-1;19200;RAINFOREST_RESIN;9996;1;9995;20;;;9998;1;10004;1;10005;20;9997.0;206.0
-1;19200;KELP;2024;21;;;;;2027;21;;;;;2025.5;-2073.3515625
-1;19300;KELP;2024;23;;;;;2027;23;;;;;2025.5;-2073.9375
-1;19300;RAINFOREST_RESIN;9996;2;9995;21;;;10004;2;10005;21;;;10000.0;208.0
-1;19400;RAINFOREST_RESIN;9995;26;;;;;10005;26;;;;;10000.0;210.0
-1;19400;KELP;2023;26;;;;;2027;26;;;;;2025.0;-2053.0
-1;19500;KELP;2024;23;;;;;2027;23;;;;;2025.5;-2064.8203125
-1;19500;RAINFOREST_RESIN;9995;23;;;;;10005;23;;;;;10000.0;210.0
-1;19600;RAINFOREST_RESIN;9996;2;9995;27;;;10004;2;10005;27;;;10000.0;210.0
-1;19600;KELP;2024;2;2023;27;;;2027;29;;;;;2025.5;-2053.21875
-1;19700;KELP;2024;31;;;;;2026;7;2027;32;;;2025.0;-2056.9296875
-1;19700;RAINFOREST_RESIN;10002;1;9996;2;9995;30;10004;2;10005;30;;;10003.0;210.0
-1;19800;RAINFOREST_RESIN;9996;2;9995;29;;;10004;2;10005;29;;;10000.0;212.0
-1;19800;KELP;2024;31;;;;;2027;31;;;;;2025.5;-2061.78125
-1;19900;KELP;2024;32;;;;;2027;32;;;;;2025.5;-2066.984375
-1;19900;RAINFOREST_RESIN;9996;2;9995;30;;;10004;2;10005;30;;;10000.0;212.0
-1;20000;KELP;2024;2;2023;27;;;2027;27;;;;;2025.5;-2044.6015625
-1;20000;RAINFOREST_RESIN;9995;27;;;;;10002;4;10005;27;;;9998.5;212.0
-1;20100;RAINFOREST_RESIN;10002;1;9996;1;9995;30;10004;1;10005;30;;;10003.0;212.0
-1;20100;KELP;2023;31;;;;;2025;4;2027;31;;;2024.0;-2046.765625
-1;20200;RAINFOREST_RESIN;9995;29;;;;;9998;1;10005;29;;;9996.5;212.0
-1;20200;KELP;2023;29;;;;;2027;29;;;;;2025.0;-2041.609375
-1;20300;KELP;2024;26;;;;;2027;27;;;;;2025.5;-2070.03125
-1;20300;RAINFOREST_RESIN;9995;27;;;;;10005;27;;;;;10000.0;214.0
-1;20400;KELP;2024;30;;;;;2025;4;2027;29;;;2024.5;-2071.953125
-1;20400;RAINFOREST_RESIN;9996;1;9995;28;;;10000;4;10004;1;10005;28;9998.0;214.0
-1;20500;RAINFOREST_RESIN;10000;3;9996;2;9995;30;10004;2;10005;30;;;10002.0;214.0
-1;20500;KELP;2025;4;2024;7;2023;30;2027;32;;;;;2026.0;-2063.09375
-1;20600;RAINFOREST_RESIN;9996;2;9995;26;;;10004;2;10005;26;;;10000.0;214.0
-1;20600;KELP;2023;28;;;;;2027;28;;;;;2025.0;-2061.65625
-1;20700;KELP;2025;6;2023;22;;;2027;22;;;;;2026.0;-2063.5
-1;20700;RAINFOREST_RESIN;10002;1;10000;6;9998;4;10005;22;;;;;10003.5;214.0
-1;20800;KELP;2024;2;2023;22;;;2027;24;;;;;2025.5;-2064.109375
-1;20800;RAINFOREST_RESIN;9996;2;9995;22;;;10004;2;10005;22;;;10000.0;214.0
-1;20900;RAINFOREST_RESIN;9995;23;;;;;10005;23;;;;;10000.0;214.0
-1;20900;KELP;2026;1;2023;23;;;2027;23;;;;;2026.5;-2066.3515625
-1;21000;RAINFOREST_RESIN;9996;2;9995;26;;;10004;2;10005;26;;;10000.0;214.0
-1;21000;KELP;2024;28;;;;;2027;28;;;;;2025.5;-2068.75
-1;21100;KELP;2024;2;2023;22;;;2027;24;;;;;2025.5;-2064.28125
-1;21100;RAINFOREST_RESIN;9996;2;9995;22;;;10004;2;10005;22;;;10000.0;214.0
-1;21200;KELP;2024;22;;;;;2027;22;;;;;2025.5;-2071.453125
-1;21200;RAINFOREST_RESIN;9995;22;;;;;9998;1;10005;22;;;9996.5;214.0
-1;21300;RAINFOREST_RESIN;9996;1;9995;29;;;10002;7;10004;1;10005;29;9999.0;216.0
-1;21300;KELP;2024;1;2023;29;;;2027;30;;;;;2025.5;-2065.65625
-1;21400;RAINFOREST_RESIN;9995;28;;;;;10005;28;;;;;10000.0;232.0
-1;21400;KELP;2024;28;;;;;2027;28;;;;;2025.5;-2070.8515625
-1;21500;KELP;2026;4;2024;21;;;2027;21;;;;;2026.5;-2090.8046875
-1;21500;RAINFOREST_RESIN;9996;1;9995;20;;;10004;1;10005;20;;;10000.0;232.0
-1;21600;KELP;2024;27;;;;;2027;2;2028;25;;;2025.5;-2097.0390625
-1;21600;RAINFOREST_RESIN;10002;12;9996;2;9995;25;10004;2;10005;25;;;10003.0;232.0
-1;21700;RAINFOREST_RESIN;9998;8;9996;2;9995;29;10004;2;10005;29;;;10001.0;256.0
-1;21700;KELP;2024;31;;;;;2027;31;;;;;2025.5;-2092.5625
-1;21800;RAINFOREST_RESIN;9996;2;9995;22;;;10004;2;10005;22;;;10000.0;256.0
-1;21800;KELP;2024;24;;;;;2028;24;;;;;2026.0;-2101.3203125
-1;21900;KELP;2024;22;;;;;2028;22;;;;;2026.0;-2103.4140625
-1;21900;RAINFOREST_RESIN;10002;3;9996;1;9995;21;10004;1;10005;21;;;10003.0;256.0
-1;22000;KELP;2024;21;;;;;2028;21;;;;;2026.0;-2096.8046875
-1;22000;RAINFOREST_RESIN;9995;21;;;;;10005;21;;;;;10000.0;256.0
-1;22100;RAINFOREST_RESIN;9996;2;9995;22;;;10002;7;10004;2;10005;22;9999.0;256.0
-1;22100;KELP;2024;23;;;;;2027;24;;;;;2025.5;-2080.875
-1;22200;RAINFOREST_RESIN;9998;6;9996;1;9995;20;10004;1;10005;20;;;10001.0;256.0
-1;22200;KELP;2024;21;;;;;2027;21;;;;;2025.5;-2071.0546875
-1;22300;KELP;2023;29;;;;;2026;1;2027;28;;;2024.5;-2045.765625
-1;22300;RAINFOREST_RESIN;9996;1;9995;28;;;10004;1;10005;28;;;10000.0;256.0
-1;22400;KELP;2023;29;;;;;2026;29;;;;;2024.5;-2043.59375
-1;22400;RAINFOREST_RESIN;9996;2;9995;27;;;9998;1;10004;2;10005;27;9997.0;256.0
-1;22500;RAINFOREST_RESIN;9996;2;9995;29;;;10004;2;10005;29;;;10000.0;276.0
-1;22500;KELP;2023;31;;;;;2026;31;;;;;2024.5;-2032.34375
-1;22600;RAINFOREST_RESIN;10000;6;9998;6;9996;2;10004;2;10005;20;;;10002.0;276.0
-1;22600;KELP;2024;6;2023;26;;;2026;22;;;;;2025.0;-2028.703125
-1;22700;KELP;2023;25;;;;;2026;26;;;;;2024.5;-2026.953125
-1;22700;RAINFOREST_RESIN;9996;2;9995;24;;;10004;2;10005;24;;;10000.0;276.0
-1;22800;KELP;2023;27;;;;;2026;28;;;;;2024.5;-2017.1875
-1;22800;RAINFOREST_RESIN;9996;1;9995;27;;;9998;2;10004;1;10005;27;9997.0;276.0
-1;22900;RAINFOREST_RESIN;9996;2;9995;30;;;10002;8;10004;2;10005;30;9999.0;280.0
-1;22900;KELP;2023;2;2022;30;;;2026;32;;;;;2024.5;-2014.6171875
-1;23000;RAINFOREST_RESIN;9996;1;9995;21;;;10004;1;10005;21;;;10000.0;280.0
-1;23000;KELP;2022;22;;;;;2026;22;;;;;2024.0;-2007.8359375
-1;23100;KELP;2023;23;;;;;2026;23;;;;;2024.5;-2021.140625
-1;23100;RAINFOREST_RESIN;9998;8;9995;23;;;10005;23;;;;;10001.5;280.0
-1;23200;KELP;2023;2;2022;29;;;2024;3;2026;31;;;2023.5;-2015.4140625
-1;23200;RAINFOREST_RESIN;9998;5;9996;2;9995;29;10004;2;10005;29;;;10001.0;280.0
-1;23300;RAINFOREST_RESIN;9996;1;9995;29;;;10004;1;10005;29;;;10000.0;282.0
-1;23300;KELP;2023;30;;;;;2026;30;;;;;2024.5;-2024.0234375
-1;23400;RAINFOREST_RESIN;9996;1;9995;29;;;10004;1;10005;29;;;10000.0;282.0
-1;23400;KELP;2023;30;;;;;2026;30;;;;;2024.5;-2024.5703125
-1;23500;KELP;2023;29;;;;;2025;4;2026;30;;;2024.0;-2024.125
-1;23500;RAINFOREST_RESIN;9998;8;9996;2;9995;28;10004;2;10005;28;;;10001.0;282.0
-1;23600;KELP;2022;27;;;;;2026;27;;;;;2024.0;-2015.5234375
-1;23600;RAINFOREST_RESIN;9995;27;;;;;10005;27;;;;;10000.0;282.0
-1;23700;RAINFOREST_RESIN;10002;1;9996;2;9995;21;10004;2;10005;21;;;10003.0;282.0
-1;23700;KELP;2023;2;2022;21;;;2025;7;2026;23;;;2024.0;-2016.1171875
-1;23800;RAINFOREST_RESIN;9995;30;;;;;10005;30;;;;;10000.0;292.0
-1;23800;KELP;2024;1;2022;30;;;2026;30;;;;;2025.0;-1999.90625
-1;23900;KELP;2025;1;2023;1;2022;30;2026;30;;;;;2025.5;-2011.296875
-1;23900;RAINFOREST_RESIN;9995;30;;;;;10005;30;;;;;10000.0;292.0
-1;24000;KELP;2022;29;;;;;2026;29;;;;;2024.0;-2011.0078125
-1;24000;RAINFOREST_RESIN;9998;9;9995;29;;;10005;29;;;;;10001.5;292.0
-1;24100;RAINFOREST_RESIN;9996;1;9995;25;;;10004;1;10005;25;;;10000.0;292.0
-1;24100;KELP;2023;1;2022;25;;;2025;3;2026;26;;;2024.0;-2016.46875
-1;24200;RAINFOREST_RESIN;9996;2;9995;28;;;10002;6;10004;2;10005;28;9999.0;308.0
-1;24200;KELP;2023;30;;;;;2026;30;;;;;2024.5;-2023.9609375
-1;24300;KELP;2023;26;;;;;2026;26;;;;;2024.5;-2025.140625
-1;24300;RAINFOREST_RESIN;9996;2;9995;24;;;10002;1;10004;2;10005;24;9999.0;308.0
-1;24400;KELP;2025;1;2023;22;;;2026;22;;;;;2025.5;-2018.90625
-1;24400;RAINFOREST_RESIN;10002;1;9998;4;9996;1;10004;1;10005;21;;;10003.0;308.0
-1;24500;RAINFOREST_RESIN;10002;1;9996;1;9995;25;10004;1;10005;25;;;10003.0;310.0
-1;24500;KELP;2022;26;;;;;2026;26;;;;;2024.0;-2007.046875
-1;24600;RAINFOREST_RESIN;9995;24;;;;;9998;2;10005;24;;;9996.5;310.0
-1;24600;KELP;2022;24;;;;;2024;2;2026;24;;;2023.0;-2012.734375
-1;24700;KELP;2023;25;;;;;2026;25;;;;;2024.5;-2019.203125
-1;24700;RAINFOREST_RESIN;9995;25;;;;;10005;25;;;;;10000.0;314.0
-1;24800;KELP;2022;23;;;;;2026;23;;;;;2024.0;-2006.4609375
-1;24800;RAINFOREST_RESIN;9995;23;;;;;10005;23;;;;;10000.0;314.0
-1;24900;RAINFOREST_RESIN;10002;1;9996;1;9995;22;10004;1;10005;22;;;10003.0;314.0
-1;24900;KELP;2024;4;2022;23;;;2026;23;;;;;2025.0;-2009.296875
-1;25000;RAINFOREST_RESIN;9995;23;;;;;10005;23;;;;;10000.0;316.0
-1;25000;KELP;2023;23;;;;;2026;23;;;;;2024.5;-2018.046875
-1;25100;KELP;2022;25;;;;;2024;4;2026;25;;;2023.0;-2011.1875
-1;25100;RAINFOREST_RESIN;10002;1;9995;25;;;10005;25;;;;;10003.5;316.0
-1;25200;KELP;2023;1;2022;24;;;2025;3;2026;25;;;2024.0;-2013.140625
-1;25200;RAINFOREST_RESIN;9996;1;9995;24;;;9998;5;10004;1;10005;24;9997.0;318.0
-1;25300;RAINFOREST_RESIN;9996;2;9995;22;;;10004;2;10005;22;;;10000.0;328.0
-1;25300;KELP;2023;4;2022;22;;;2026;24;;;;;2024.5;-2013.078125
-1;25400;RAINFOREST_RESIN;9996;1;9995;29;;;10004;1;10005;29;;;10000.0;328.0
-1;25400;KELP;2025;8;2023;30;;;2026;30;;;;;2025.5;-2016.1484375
-1;25500;KELP;2022;21;;;;;2025;21;;;;;2023.5;-1988.9921875
-1;25500;RAINFOREST_RESIN;9996;1;9995;20;;;9998;6;10002;9;10004;1;9997.0;328.0
-1;25600;KELP;2023;31;;;;;2026;23;;;;;2024.5;-2016.96875
-1;25600;RAINFOREST_RESIN;9996;1;9995;22;;;10002;7;10004;1;10005;22;9999.0;340.0
-1;25700;RAINFOREST_RESIN;9996;2;9995;30;;;10004;2;10005;30;;;10000.0;340.0
-1;25700;KELP;2023;32;;;;;2025;6;2026;32;;;2024.0;-2023.6328125
-1;25800;RAINFOREST_RESIN;10002;4;9995;24;;;10005;24;;;;;10003.5;340.0
-1;25800;KELP;2023;23;;;;;2026;24;;;;;2024.5;-2034.296875
-1;25900;KELP;2023;25;;;;;2026;25;;;;;2024.5;-2035.6171875
-1;25900;RAINFOREST_RESIN;9996;2;9995;23;;;10004;2;10005;23;;;10000.0;348.0
-1;26000;RAINFOREST_RESIN;9996;2;9995;27;;;10004;2;10005;27;;;10000.0;348.0
-1;26000;KELP;2023;22;;;;;2026;29;;;;;2024.5;-2028.9921875
-1;26100;KELP;2023;20;;;;;2026;20;;;;;2024.5;-2036.640625
-1;26100;RAINFOREST_RESIN;9998;7;9995;20;;;10005;20;;;;;10001.5;348.0
-1;26200;RAINFOREST_RESIN;9996;1;9995;22;;;10004;1;10005;22;;;10000.0;348.0
-1;26200;KELP;2023;23;;;;;2026;23;;;;;2024.5;-2038.7109375
-1;26300;KELP;2023;30;;;;;2026;30;;;;;2024.5;-2036.671875
-1;26300;RAINFOREST_RESIN;9996;1;9995;29;;;9998;1;10004;1;10005;29;9997.0;348.0
-1;26400;RAINFOREST_RESIN;9995;22;;;;;10005;22;;;;;10000.0;348.0
-1;26400;KELP;2023;27;;;;;2026;22;;;;;2024.5;-2032.75
-1;26500;KELP;2023;24;;;;;2026;24;;;;;2024.5;-2031.8359375
-1;26500;RAINFOREST_RESIN;9996;1;9995;23;;;10004;1;10005;23;;;10000.0;348.0
-1;26600;RAINFOREST_RESIN;9996;2;9995;28;;;9998;1;10004;2;10005;28;9997.0;348.0
-1;26600;KELP;2023;36;;;;;2026;30;;;;;2024.5;-2035.9921875
-1;26700;KELP;2023;24;;;;;2025;6;2026;24;;;2024.0;-2084.98046875
-1;26700;RAINFOREST_RESIN;9998;2;9996;1;9995;23;10004;1;10005;23;;;10001.0;350.0
-1;26800;RAINFOREST_RESIN;9996;2;9995;28;;;10004;2;10005;28;;;10000.0;350.0
-1;26800;KELP;2025;1;2023;30;;;2026;30;;;;;2025.5;-2128.818359375
-1;26900;KELP;2023;29;;;;;2026;30;;;;;2024.5;-2129.0078125
-1;26900;RAINFOREST_RESIN;10002;1;9995;30;;;10005;30;;;;;10003.5;350.0
-1;27000;RAINFOREST_RESIN;9995;28;;;;;10002;1;10005;28;;;9998.5;350.0
-1;27000;KELP;2023;30;;;;;2026;28;;;;;2024.5;-2166.89453125
-1;27100;KELP;2023;27;;;;;2026;24;;;;;2024.5;-2211.984375
-1;27100;RAINFOREST_RESIN;9995;24;;;;;10005;24;;;;;10000.0;350.0
-1;27200;RAINFOREST_RESIN;9998;2;9995;21;;;10005;21;;;;;10001.5;350.0
-1;27200;KELP;2023;21;;;;;2025;2;2026;21;;;2024.0;-2249.32421875
-1;27300;KELP;2025;1;2023;31;;;2026;31;;;;;2025.5;-2251.3203125
-1;27300;RAINFOREST_RESIN;9996;2;9995;29;;;10004;2;10005;29;;;10000.0;350.0
-1;27400;RAINFOREST_RESIN;9995;21;;;;;10005;21;;;;;10000.0;350.0
-1;27400;KELP;2023;21;;;;;2026;21;;;;;2024.5;-2257.24609375
-1;27500;KELP;2023;23;;;;;2025;6;2026;23;;;2024.0;-2258.25390625
-1;27500;RAINFOREST_RESIN;9996;1;9995;22;;;10004;1;10005;22;;;10000.0;350.0
-1;27600;RAINFOREST_RESIN;9998;5;9995;24;;;10005;24;;;;;10001.5;350.0
-1;27600;KELP;2023;30;;;;;2026;24;;;;;2024.5;-2258.078125
-1;27700;KELP;2023;19;;;;;2026;24;;;;;2024.5;-2292.380859375
-1;27700;RAINFOREST_RESIN;9995;24;;;;;10005;24;;;;;10000.0;350.0
-1;27800;RAINFOREST_RESIN;9998;9;9996;2;9995;26;10004;2;10005;26;;;10001.0;350.0
-1;27800;KELP;2023;28;;;;;2025;3;2026;28;;;2024.0;-2291.6689453125
-1;27900;KELP;2025;1;2023;29;;;2026;29;;;;;2025.5;-2292.083984375
-1;27900;RAINFOREST_RESIN;9996;2;9995;27;;;10002;4;10004;2;10005;27;9999.0;350.0
-1;28000;RAINFOREST_RESIN;9998;2;9995;28;;;10005;28;;;;;10001.5;350.0
-1;28000;KELP;2023;28;;;;;2026;28;;;;;2024.5;-2291.28515625
-1;28100;KELP;2023;26;;;;;2026;26;;;;;2024.5;-2291.705078125
-1;28100;RAINFOREST_RESIN;9996;2;9995;24;;;10004;2;10005;24;;;10000.0;350.0
-1;28200;RAINFOREST_RESIN;9996;1;9995;25;;;9998;2;10004;1;10005;25;9997.0;350.0
-1;28200;KELP;2023;26;;;;;2025;5;2026;1;2027;25;2024.0;-2290.6357421875
-1;28300;KELP;2023;24;;;;;2024;2;2027;24;;;2023.5;-2289.93359375
-1;28300;RAINFOREST_RESIN;9996;1;9995;23;;;10004;1;10005;23;;;10000.0;350.0
-1;28400;RAINFOREST_RESIN;9996;2;9995;23;;;10004;2;10005;23;;;10000.0;350.0
-1;28400;KELP;2023;24;;;;;2027;25;;;;;2025.0;-2288.1083984375
-1;28500;KELP;2023;23;;;;;2027;23;;;;;2025.0;-2849.125
-1;28500;RAINFOREST_RESIN;9998;10;9995;23;;;10005;23;;;;;10001.5;350.0
-1;28600;RAINFOREST_RESIN;10002;1;9996;2;9995;21;10004;2;10005;21;;;10003.0;350.0
-1;28600;KELP;2023;23;;;;;2025;8;2027;23;;;2024.0;-2849.5703125
-1;28700;RAINFOREST_RESIN;9995;30;;;;;10005;30;;;;;10000.0;352.0
-1;28700;KELP;2023;30;;;;;2027;30;;;;;2025.0;-2852.7421875
-1;28800;RAINFOREST_RESIN;9995;27;;;;;10005;27;;;;;10000.0;352.0
-1;28800;KELP;2024;27;;;;;2027;27;;;;;2025.5;-2861.734375
-1;28900;KELP;2024;26;;;;;2027;22;;;;;2025.5;-2879.09375
-1;28900;RAINFOREST_RESIN;9998;7;9996;1;9995;21;10004;1;10005;21;;;10001.0;352.0
-1;29000;KELP;2024;23;;;;;2027;24;;;;;2025.5;-2867.2109375
-1;29000;RAINFOREST_RESIN;9995;24;;;;;10005;24;;;;;10000.0;352.0
-1;29100;RAINFOREST_RESIN;9996;2;9995;26;;;10004;2;10005;26;;;10000.0;360.0
-1;29100;KELP;2024;31;;;;;2027;28;;;;;2025.5;-2872.5234375
-1;29200;RAINFOREST_RESIN;9996;1;9995;30;;;10004;1;10005;30;;;10000.0;360.0
-1;29200;KELP;2026;1;2024;31;;;2027;31;;;;;2026.5;-2868.890625
-1;29300;KELP;2024;32;;;;;2026;2;2027;32;;;2025.0;-2870.296875
-1;29300;RAINFOREST_RESIN;9996;2;9995;30;;;10002;3;10004;2;10005;30;9999.0;360.0
-1;29400;KELP;2024;25;;;;;2027;26;;;;;2025.5;-2871.4453125
-1;29400;RAINFOREST_RESIN;10002;1;9996;1;9995;25;10004;1;10005;25;;;10003.0;360.0
-1;29500;RAINFOREST_RESIN;9996;2;9995;27;;;10004;2;10005;27;;;10000.0;362.0
-1;29500;KELP;2024;31;;;;;2027;29;;;;;2025.5;-2872.3515625
-1;29600;RAINFOREST_RESIN;9996;2;9995;28;;;10004;2;10005;28;;;10000.0;362.0
-1;29600;KELP;2024;2;2023;28;;;2025;3;2027;30;;;2024.5;-2856.578125
-1;29700;KELP;2024;28;;;;;2027;26;;;;;2025.5;-2884.984375
-1;29700;RAINFOREST_RESIN;9996;1;9995;25;;;10002;4;10004;1;10005;25;9999.0;362.0
-1;29800;KELP;2024;31;;;;;2026;1;2027;1;2028;30;2025.0;-2920.31640625
-1;29800;RAINFOREST_RESIN;9998;6;9996;1;9995;30;10004;1;10005;30;;;10001.0;362.0
-1;29900;RAINFOREST_RESIN;9995;21;;;;;10005;21;;;;;10000.0;362.0
-1;29900;KELP;2025;8;2024;21;;;2028;21;;;;;2026.5;-2987.0732421875
-1;30000;RAINFOREST_RESIN;9998;3;9996;1;9995;30;10004;1;10005;30;;;10001.0;362.0
-1;30000;KELP;2024;31;;;;;2028;31;;;;;2026.0;-2986.302734375
-1;30100;KELP;2024;30;;;;;2027;30;;;;;2025.5;-2988.4189453125
-1;30100;RAINFOREST_RESIN;9996;2;9995;28;;;10004;2;10005;28;;;10000.0;366.0
-1;30200;KELP;2024;22;;;;;2027;22;;;;;2025.5;-2987.8046875
-1;30200;RAINFOREST_RESIN;9996;2;9995;20;;;10004;2;10005;20;;;10000.0;366.0
-1;30300;RAINFOREST_RESIN;9996;2;9995;29;;;10002;9;10004;2;10005;29;9999.0;366.0
-1;30300;KELP;2026;1;2024;31;;;2027;31;;;;;2026.5;-2988.865234375
-1;30400;RAINFOREST_RESIN;10000;5;9996;2;9995;29;10002;8;10004;2;10005;29;10001.0;366.0
-1;30400;KELP;2025;5;2024;31;;;2027;31;;;;;2026.0;-2990.068359375
-1;30500;KELP;2024;22;;;;;2027;22;;;;;2025.5;-2992.09765625
-1;30500;RAINFOREST_RESIN;9998;5;9996;2;9995;20;10004;2;10005;20;;;10001.0;366.0
-1;30600;KELP;2024;1;2023;20;;;2027;22;;;;;2025.5;-2992.595703125
-1;30600;RAINFOREST_RESIN;9996;2;9995;20;;;10002;4;10004;2;10005;20;9999.0;366.0
-1;30700;RAINFOREST_RESIN;9995;30;;;;;10005;30;;;;;10000.0;366.0
-1;30700;KELP;2024;30;;;;;2027;30;;;;;2025.5;-2991.3330078125
-1;30800;RAINFOREST_RESIN;9996;1;9995;30;;;10004;1;10005;30;;;10000.0;366.0
-1;30800;KELP;2024;4;2023;30;;;2027;31;;;;;2025.5;-2991.6162109375
-1;30900;KELP;2023;30;;;;;2025;7;2026;30;;;2024.0;-2995.646484375
-1;30900;RAINFOREST_RESIN;9996;2;9995;28;;;10002;6;10004;2;10005;28;9999.0;366.0
-1;31000;KELP;2024;4;2023;30;;;2026;23;;;;;2025.0;-2995.1357421875
-1;31000;RAINFOREST_RESIN;10000;4;9996;1;9995;22;10004;1;10005;22;;;10002.0;366.0
-1;31100;RAINFOREST_RESIN;9996;2;9995;27;;;10004;2;10005;27;;;10000.0;366.0
-1;31100;KELP;2023;29;;;;;2026;2;2027;27;;;2024.5;-2994.41796875
-1;31200;RAINFOREST_RESIN;9996;2;9995;29;;;10002;6;10004;2;10005;29;9999.0;366.0
-1;31200;KELP;2023;31;;;;;2026;31;;;;;2024.5;-2994.64453125
-1;31300;KELP;2023;24;;;;;2026;24;;;;;2024.5;-2994.8408203125
-1;31300;RAINFOREST_RESIN;9996;1;9995;23;;;10004;1;10005;23;;;10000.0;366.0
-1;31400;KELP;2023;26;;;;;2026;26;;;;;2024.5;-2996.26171875
-1;31400;RAINFOREST_RESIN;9995;26;;;;;9998;1;10005;26;;;9996.5;366.0
-1;31500;RAINFOREST_RESIN;9995;30;;;;;10005;30;;;;;10000.0;366.0
-1;31500;KELP;2023;35;;;;;2026;30;;;;;2024.5;-2995.8369140625
-1;31600;RAINFOREST_RESIN;9995;27;;;;;10005;27;;;;;10000.0;366.0
-1;31600;KELP;2025;1;2023;27;;;2026;27;;;;;2025.5;-3051.5859375
-1;31700;KELP;2023;24;;;;;2025;3;2026;24;;;2024.0;-3050.4921875
-1;31700;RAINFOREST_RESIN;9996;2;9995;22;;;10004;2;10005;22;;;10000.0;366.0
-1;31800;KELP;2024;6;2023;26;;;2026;1;2027;25;;;2025.0;-3042.328125
-1;31800;RAINFOREST_RESIN;10000;6;9996;1;9995;25;10004;1;10005;25;;;10002.0;366.0
-1;31900;RAINFOREST_RESIN;9998;3;9995;28;;;10005;28;;;;;10001.5;366.0
-1;31900;KELP;2024;4;2023;28;;;2027;28;;;;;2025.5;-3041.6640625
-1;32000;RAINFOREST_RESIN;9996;1;9995;24;;;10004;1;10005;24;;;10000.0;368.0
-1;32000;KELP;2024;2;2023;25;;;2026;1;2027;24;;;2025.0;-3044.5859375
-1;32100;KELP;2023;29;;;;;2026;29;;;;;2024.5;-3060.734375
-1;32100;RAINFOREST_RESIN;9996;1;9995;28;;;10004;1;10005;28;;;10000.0;368.0
-1;32200;KELP;2023;28;;;;;2027;28;;;;;2025.0;-3038.6796875
-1;32200;RAINFOREST_RESIN;9996;1;9995;27;;;10004;1;10005;27;;;10000.0;368.0
-1;32300;RAINFOREST_RESIN;9995;25;;;;;10005;25;;;;;10000.0;368.0
-1;32300;KELP;2023;25;;;;;2026;25;;;;;2024.5;-3053.0078125
-1;32400;RAINFOREST_RESIN;9996;1;9995;30;;;10004;1;10005;30;;;10000.0;368.0
-1;32400;KELP;2023;30;;;;;2026;1;2027;30;;;2024.5;-3045.421875
-1;32500;KELP;2023;21;;;;;2025;5;2027;22;;;2024.0;-3038.9140625
-1;32500;RAINFOREST_RESIN;9998;1;9996;1;9995;21;10004;1;10005;21;;;10001.0;368.0
-1;32600;KELP;2023;30;;;;;2027;30;;;;;2025.0;-3035.8046875
-1;32600;RAINFOREST_RESIN;10002;1;9995;30;;;10005;30;;;;;10003.5;368.0
-1;32700;RAINFOREST_RESIN;9996;2;9995;22;;;10004;2;10005;22;;;10000.0;374.0
-1;32700;KELP;2023;24;;;;;2026;2;2027;22;;;2024.5;-3039.640625
-1;32800;RAINFOREST_RESIN;9996;2;9995;28;;;10004;2;10005;28;;;10000.0;374.0
-1;32800;KELP;2023;30;;;;;2026;2;2027;28;;;2024.5;-3040.71875
-1;32900;KELP;2023;29;;;;;2026;2;2027;27;;;2024.5;-3044.1015625
-1;32900;RAINFOREST_RESIN;9996;2;9995;27;;;10004;2;10005;27;;;10000.0;383.0
-1;33000;KELP;2025;1;2023;30;;;2026;30;;;;;2025.5;-3049.3984375
-1;33000;RAINFOREST_RESIN;9996;2;9995;28;;;10004;2;10005;28;;;10000.0;383.0
-1;33100;RAINFOREST_RESIN;9996;1;9995;28;;;10004;1;10005;28;;;10000.0;383.0
-1;33100;KELP;2023;28;;;;;2025;3;2026;29;;;2024.0;-3048.84375
-1;33200;RAINFOREST_RESIN;9996;1;9995;20;;;10002;7;10004;1;10005;20;9999.0;383.0
-1;33200;KELP;2023;20;;;;;2024;10;2026;1;2027;20;2023.5;-3040.1640625
-1;33300;KELP;2024;1;2023;20;;;2027;21;;;;;2025.5;-3024.796875
-1;33300;RAINFOREST_RESIN;9996;1;9995;20;;;10004;1;10005;20;;;10000.0;383.0
-1;33400;KELP;2023;32;;;;;2027;32;;;;;2025.0;-3030.796875
-1;33400;RAINFOREST_RESIN;9996;2;9995;30;;;10002;3;10004;2;10005;30;9999.0;383.0
-1;33500;RAINFOREST_RESIN;9996;1;9995;20;;;10004;1;10005;20;;;10000.0;383.0
-1;33500;KELP;2023;21;;;;;2026;21;;;;;2024.5;-3052.4921875
-1;33600;RAINFOREST_RESIN;10002;6;9995;27;;;10005;27;;;;;10003.5;381.0
-1;33600;KELP;2023;27;;;;;2026;27;;;;;2024.5;-3055.6875
-1;33700;KELP;2023;32;;;;;2026;28;;;;;2024.5;-3060.5859375
-1;33700;RAINFOREST_RESIN;9996;1;9995;27;;;10002;1;10004;1;10005;27;9999.0;393.0
-1;33800;KELP;2024;3;2023;31;;;2026;26;;;;;2025.0;-3071.4296875
-1;33800;RAINFOREST_RESIN;9996;1;9995;25;;;10004;1;10005;25;;;10000.0;393.0
-1;33900;RAINFOREST_RESIN;9995;24;;;;;10005;24;;;;;10000.0;393.0
-1;33900;KELP;2023;24;;;;;2026;24;;;;;2024.5;-3063.6953125
-1;34000;RAINFOREST_RESIN;10002;1;9995;30;;;10005;30;;;;;10003.5;393.0
-1;34000;KELP;2023;29;;;;;2025;8;2026;30;;;2024.0;-3061.234375
-1;34100;KELP;2023;25;;;;;2026;23;;;;;2024.5;-3068.140625
-1;34100;RAINFOREST_RESIN;9996;1;9995;22;;;10004;1;10005;22;;;10000.0;395.0
-1;34200;KELP;2022;23;;;;;2024;1;2026;23;;;2023.0;-3085.4296875
-1;34200;RAINFOREST_RESIN;9995;23;;;;;10005;23;;;;;10000.0;401.0
-1;34300;RAINFOREST_RESIN;10002;1;9996;1;9995;22;10004;1;10005;22;;;10003.0;401.0
-1;34300;KELP;2022;23;;;;;2026;23;;;;;2024.0;-3091.046875
-1;34400;RAINFOREST_RESIN;9996;2;9995;23;;;10004;2;10005;23;;;10000.0;403.0
-1;34400;KELP;2023;3;2022;25;;;2025;2;2026;23;;;2024.0;-3092.15625
-1;34500;KELP;2022;30;;;;;2023;5;2024;1;2026;30;2022.5;-3091.7578125
-1;34500;RAINFOREST_RESIN;9995;30;;;;;10005;30;;;;;10000.0;403.0
-1;34600;KELP;2022;29;;;;;2023;1;2026;29;;;2022.5;-3082.078125
-1;34600;RAINFOREST_RESIN;9995;29;;;;;10005;29;;;;;10000.0;403.0
-1;34700;RAINFOREST_RESIN;9998;6;9995;24;;;10005;24;;;;;10001.5;403.0
-1;34700;KELP;2023;24;;;;;2026;24;;;;;2024.5;-3074.8515625
-1;34800;RAINFOREST_RESIN;9996;2;9995;23;;;10004;2;10005;23;;;10000.0;403.0
-1;34800;KELP;2023;2;2022;23;;;2026;25;;;;;2024.5;-3079.78125
-1;34900;KELP;2023;21;;;;;2026;21;;;;;2024.5;-3073.6796875
-1;34900;RAINFOREST_RESIN;9996;1;9995;20;;;10004;1;10005;20;;;10000.0;403.0
-1;35000;RAINFOREST_RESIN;10002;1;9995;20;;;10005;20;;;;;10003.5;403.0
-1;35000;KELP;2025;1;2023;20;;;2026;20;;;;;2025.5;-3046.7578125
-1;35100;KELP;2023;31;;;;;2026;31;;;;;2024.5;-3061.515625
-1;35100;RAINFOREST_RESIN;10002;3;9996;2;9995;29;10004;2;10005;29;;;10003.0;405.0
-1;35200;RAINFOREST_RESIN;9996;2;9995;28;;;10002;10;10004;2;10005;28;9999.0;405.0
-1;35200;KELP;2023;33;;;;;2026;30;;;;;2024.5;-3053.015625
-1;35300;KELP;2023;20;;;;;2026;28;;;;;2024.5;-3069.75
-1;35300;RAINFOREST_RESIN;9998;6;9996;1;9995;27;10004;1;10005;27;;;10001.0;405.0
-1;35400;RAINFOREST_RESIN;10002;3;9995;25;;;10005;25;;;;;10003.5;405.0
-1;35400;KELP;2025;1;2023;27;;;2026;25;;;;;2025.5;-3071.8125
-1;35500;KELP;2023;28;;;;;2026;28;;;;;2024.5;-3069.8203125
-1;35500;RAINFOREST_RESIN;9996;2;9995;26;;;10004;2;10005;26;;;10000.0;405.0
-1;35600;RAINFOREST_RESIN;9995;26;;;;;10005;26;;;;;10000.0;405.0
-1;35600;KELP;2023;26;;;;;2026;26;;;;;2024.5;-3073.4296875
-1;35700;KELP;2023;29;;;;;2026;29;;;;;2024.5;-3068.328125
-1;35700;RAINFOREST_RESIN;9996;2;9995;27;;;10004;2;10005;27;;;10000.0;405.0
-1;35800;RAINFOREST_RESIN;9998;7;9996;1;9995;30;10004;1;10005;30;;;10001.0;405.0
-1;35800;KELP;2023;29;;;;;2026;31;;;;;2024.5;-3069.3671875
-1;35900;KELP;2023;2;2022;21;;;2026;23;;;;;2024.5;-3618.8671875
-1;35900;RAINFOREST_RESIN;9996;2;9995;21;;;10004;2;10005;21;;;10000.0;405.0
-1;36000;RAINFOREST_RESIN;9995;30;;;;;10002;5;10005;30;;;9998.5;405.0
-1;36000;KELP;2022;30;;;;;2024;3;2026;30;;;2023.0;-3619.078125
-1;36100;KELP;2022;26;;;;;2025;2;2026;24;;;2023.5;-3605.171875
-1;36100;RAINFOREST_RESIN;10002;8;9996;2;9995;24;10004;2;10005;24;;;10003.0;405.0
-1;36200;RAINFOREST_RESIN;9996;1;9995;29;;;9998;1;10004;1;10005;29;9997.0;405.0
-1;36200;KELP;2022;30;;;;;2025;1;2026;29;;;2023.5;-3605.609375
-1;36300;KELP;2022;22;;;;;2024;6;2025;22;;;2023.0;-3600.8828125
-1;36300;RAINFOREST_RESIN;9996;1;9995;21;;;10004;1;10005;21;;;10000.0;407.0
-1;36400;RAINFOREST_RESIN;9998;1;9996;1;9995;20;10004;1;10005;20;;;10001.0;407.0
-1;36400;KELP;2024;1;2023;3;2022;21;2025;1;2026;20;;;2024.5;-3602.90625
-1;36500;KELP;2022;25;;;;;2023;2;2025;25;;;2022.5;-3594.2578125
-1;36500;RAINFOREST_RESIN;9995;25;;;;;10005;25;;;;;10000.0;407.0
-1;36600;RAINFOREST_RESIN;9996;1;9995;28;;;10004;1;10005;28;;;10000.0;407.0
-1;36600;KELP;2022;29;;;;;2025;29;;;;;2023.5;-3599.7109375
-1;36700;KELP;2021;21;;;;;2025;21;;;;;2023.0;-3555.578125
-1;36700;RAINFOREST_RESIN;9995;21;;;;;10005;21;;;;;10000.0;407.0
-1;36800;RAINFOREST_RESIN;9995;30;;;;;10005;30;;;;;10000.0;407.0
-1;36800;KELP;2021;30;;;;;2025;30;;;;;2023.0;-3559.390625
-1;36900;KELP;2021;27;;;;;2024;27;;;;;2022.5;-3527.90625
-1;36900;RAINFOREST_RESIN;9996;1;9995;26;;;10004;1;10005;26;;;10000.0;407.0
-1;37000;RAINFOREST_RESIN;9996;2;9995;23;;;10004;2;10005;23;;;10000.0;407.0
-1;37000;KELP;2020;25;;;;;2024;25;;;;;2022.0;-3508.8828125
-1;37100;KELP;2021;27;;;;;2024;23;;;;;2022.5;-3540.71875
-1;37100;RAINFOREST_RESIN;9996;2;9995;21;;;10004;2;10005;21;;;10000.0;407.0
-1;37200;RAINFOREST_RESIN;9996;1;9995;20;;;10004;1;10005;20;;;10000.0;407.0
-1;37200;KELP;2021;25;;;;;2024;21;;;;;2022.5;-3571.84765625
-1;37300;KELP;2022;4;2021;28;;;2024;1;2025;27;;;2023.0;-3604.8701171875
-1;37300;RAINFOREST_RESIN;9996;1;9995;27;;;9998;10;10002;4;10004;1;9997.0;407.0
-1;37400;RAINFOREST_RESIN;10002;1;9998;2;9995;30;10005;30;;;;;10003.5;427.0
-1;37400;KELP;2021;30;;;;;2024;30;;;;;2022.5;-3815.3828125
-1;37500;KELP;2020;27;;;;;2024;27;;;;;2022.0;-3850.9765625
-1;37500;RAINFOREST_RESIN;9996;2;9995;25;;;10004;2;10005;25;;;10000.0;429.0
-1;37600;KELP;2020;22;;;;;2024;22;;;;;2022.0;-3858.125
-1;37600;RAINFOREST_RESIN;9995;22;;;;;10002;7;10005;22;;;9998.5;431.0
-1;37700;RAINFOREST_RESIN;9996;1;9995;23;;;10004;1;10005;23;;;10000.0;431.0
-1;37700;KELP;2020;24;;;;;2024;24;;;;;2022.0;-3856.0703125
-1;37800;RAINFOREST_RESIN;9995;25;;;;;10005;25;;;;;10000.0;431.0
-1;37800;KELP;2020;24;;;;;2024;25;;;;;2022.0;-3861.0
-1;37900;KELP;2019;25;;;;;2023;25;;;;;2021.0;-5140.7734375
-1;37900;RAINFOREST_RESIN;9995;25;;;;;10005;25;;;;;10000.0;431.0
-1;38000;KELP;2019;32;;;;;2021;4;2023;32;;;2020.0;-5140.3359375
-1;38000;RAINFOREST_RESIN;10002;1;9996;2;9995;30;10004;2;10005;30;;;10003.0;431.0
-1;38100;RAINFOREST_RESIN;9996;2;9995;26;;;10002;2;10004;2;10005;26;9999.0;433.0
-1;38100;KELP;2019;28;;;;;2022;2;2023;26;;;2020.5;-5133.0859375
-1;38200;RAINFOREST_RESIN;9996;1;9995;27;;;10004;1;10005;27;;;10000.0;433.0
-1;38200;KELP;2019;28;;;;;2023;28;;;;;2021.0;-5145.9375
-1;38300;KELP;2019;26;;;;;2022;26;;;;;2020.5;-5127.953125
-1;38300;RAINFOREST_RESIN;9998;5;9995;26;;;10005;26;;;;;10001.5;433.0
-1;38400;KELP;2019;24;;;;;2020;6;2022;24;;;2019.5;-5125.8046875
-1;38400;RAINFOREST_RESIN;9996;1;9995;23;;;10000;6;10004;1;10005;23;9998.0;433.0
-1;38500;RAINFOREST_RESIN;10002;1;9995;21;;;10005;21;;;;;10003.5;433.0
-1;38500;KELP;2019;21;;;;;2022;21;;;;;2020.5;-5118.8984375
-1;38600;RAINFOREST_RESIN;9996;2;9995;28;;;10004;2;10005;28;;;10000.0;435.0
-1;38600;KELP;2019;30;;;;;2022;30;;;;;2020.5;-5121.5390625
-1;38700;KELP;2019;20;;;;;2022;20;;;;;2020.5;-5123.7265625
-1;38700;RAINFOREST_RESIN;9995;20;;;;;10005;20;;;;;10000.0;437.0
-1;38800;KELP;2019;21;;;;;2020;2;2021;1;2022;21;2019.5;-5123.84375
-1;38800;RAINFOREST_RESIN;9996;1;9995;20;;;10002;1;10004;1;10005;20;9999.0;437.0
-1;38900;RAINFOREST_RESIN;9996;2;9995;30;;;10004;2;10005;30;;;10000.0;453.0
-1;38900;KELP;2019;32;;;;;2021;7;2022;2;2023;30;2020.0;-5130.9140625
-1;39000;RAINFOREST_RESIN;9995;23;;;;;10002;9;10005;23;;;9998.5;453.0
-1;39000;KELP;2019;23;;;;;2023;23;;;;;2021.0;-5140.7890625
-1;39100;KELP;2020;25;;;;;2023;25;;;;;2021.5;-5163.6640625
-1;39100;RAINFOREST_RESIN;9998;8;9996;1;9995;24;10004;1;10005;24;;;10001.0;453.0
-1;39200;KELP;2020;30;;;;;2022;2;2023;30;;;2021.0;-5168.9140625
-1;39200;RAINFOREST_RESIN;9996;1;9995;29;;;10004;1;10005;29;;;10000.0;453.0
-1;39300;RAINFOREST_RESIN;9995;27;;;;;10005;27;;;;;10000.0;453.0
-1;39300;KELP;2020;27;;;;;2023;27;;;;;2021.5;-5176.4140625
-1;39400;RAINFOREST_RESIN;9996;1;9995;30;;;10004;1;10005;30;;;10000.0;453.0
-1;39400;KELP;2020;31;;;;;2022;5;2023;31;;;2021.0;-5159.0546875
-1;39500;KELP;2019;27;;;;;2021;3;2022;27;;;2020.0;-5118.9140625
-1;39500;RAINFOREST_RESIN;9995;27;;;;;9998;1;10002;2;10005;27;9996.5;455.0
-1;39600;KELP;2021;4;2019;23;;;2023;23;;;;;2022.0;-5135.875
-1;39600;RAINFOREST_RESIN;9995;23;;;;;10005;23;;;;;10000.0;457.0
-1;39700;RAINFOREST_RESIN;9996;2;9995;22;;;10004;2;10005;22;;;10000.0;457.0
-1;39700;KELP;2019;28;;;;;2022;2;2023;22;;;2020.5;-5131.796875
-1;39800;RAINFOREST_RESIN;9996;1;9995;27;;;10004;1;10005;27;;;10000.0;457.0
-1;39800;KELP;2019;28;;;;;2022;1;2023;27;;;2020.5;-5131.5
-1;39900;KELP;2019;31;;;;;2022;31;;;;;2020.5;-5118.6796875
-1;39900;RAINFOREST_RESIN;9996;1;9995;30;;;10002;4;10004;1;10005;30;9999.0;457.0
-1;40000;KELP;2018;22;;;;;2022;22;;;;;2020.0;-5102.8046875
-1;40000;RAINFOREST_RESIN;9995;22;;;;;10005;22;;;;;10000.0;457.0
-1;40100;RAINFOREST_RESIN;9996;2;9995;29;;;10002;8;10004;2;10005;29;9999.0;457.0
-1;40100;KELP;2019;31;;;;;2022;31;;;;;2020.5;-5117.984375
-1;40200;RAINFOREST_RESIN;9996;1;9995;28;;;10004;1;10005;28;;;10000.0;457.0
-1;40200;KELP;2019;1;2018;28;;;2022;29;;;;;2020.5;-5101.9921875
-1;40300;KELP;2019;22;;;;;2022;22;;;;;2020.5;-5108.5
-1;40300;RAINFOREST_RESIN;9995;22;;;;;9998;1;10005;22;;;9996.5;457.0
-1;40400;KELP;2018;24;;;;;2022;24;;;;;2020.0;-5096.8515625
-1;40400;RAINFOREST_RESIN;9996;1;9995;23;;;10004;1;10005;23;;;10000.0;457.0
-1;40500;RAINFOREST_RESIN;10002;1;9996;2;9995;27;10004;2;10005;27;;;10003.0;457.0
-1;40500;KELP;2019;1;2018;27;;;2022;29;;;;;2020.5;-5100.25
-1;40600;RAINFOREST_RESIN;9996;2;9995;24;;;10004;2;10005;24;;;10000.0;459.0
-1;40600;KELP;2019;4;2018;26;;;2022;26;;;;;2020.5;-5093.8828125
-1;40700;KELP;2018;22;;;;;2021;22;;;;;2019.5;-5067.4140625
-1;40700;RAINFOREST_RESIN;9998;7;9996;2;9995;20;10004;2;10005;20;;;10001.0;459.0
-1;40800;KELP;2018;27;;;;;2021;27;;;;;2019.5;-5078.3359375
-1;40800;RAINFOREST_RESIN;9995;27;;;;;10005;27;;;;;10000.0;459.0
-1;40900;RAINFOREST_RESIN;9998;10;9996;2;9995;26;10004;2;10005;26;;;10001.0;459.0
-1;40900;KELP;2017;28;;;;;2021;28;;;;;2019.0;-5050.53125
-1;41000;RAINFOREST_RESIN;9995;21;;;;;10002;10;10005;21;;;9998.5;492.0
-1;41000;KELP;2018;20;;;;;2020;3;2021;21;;;2019.0;-5074.4375
-1;41100;KELP;2018;24;;;;;2021;27;;;;;2019.5;-5072.234375
-1;41100;RAINFOREST_RESIN;9995;27;;;;;10005;27;;;;;10000.0;492.0
-1;41200;KELP;2018;29;;;;;2021;29;;;;;2019.5;-5077.703125
-1;41200;RAINFOREST_RESIN;9995;29;;;;;10005;29;;;;;10000.0;492.0
-1;41300;RAINFOREST_RESIN;9998;2;9996;1;9995;24;10004;1;10005;24;;;10001.0;492.0
-1;41300;KELP;2017;25;;;;;2019;4;2021;25;;;2018.0;-5051.265625
-1;41400;RAINFOREST_RESIN;9998;5;9996;2;9995;23;10000;4;10004;2;10005;23;9999.0;492.0
-1;41400;KELP;2017;25;;;;;2018;4;2019;5;2020;25;2017.5;-5016.3671875
-1;41500;KELP;2017;22;;;;;2019;1;2021;22;;;2018.0;-5047.28125
-1;41500;RAINFOREST_RESIN;9998;8;9996;2;9995;20;10004;2;10005;20;;;10001.0;492.0
-1;41600;KELP;2017;23;;;;;2019;7;2020;1;2021;22;2018.0;-5043.75
-1;41600;RAINFOREST_RESIN;9996;1;9995;22;;;10004;1;10005;22;;;10000.0;492.0
-1;41700;RAINFOREST_RESIN;10000;5;9995;21;;;10005;21;;;;;10002.5;492.0
-1;41700;KELP;2019;4;2017;21;;;2021;21;;;;;2020.0;-5053.0390625
-1;41800;RAINFOREST_RESIN;9996;2;9995;22;;;10004;2;10005;22;;;10000.0;492.0
-1;41800;KELP;2018;24;;;;;2021;24;;;;;2019.5;-5073.921875
-1;41900;KELP;2018;22;;;;;2020;1;2021;22;;;2019.0;-5076.4453125
-1;41900;RAINFOREST_RESIN;9996;1;9995;21;;;9998;4;10004;1;10005;21;9997.0;492.0
-1;42000;KELP;2018;31;;;;;2020;5;2021;32;;;2019.0;-5085.609375
-1;42000;RAINFOREST_RESIN;9996;2;9995;30;;;10004;2;10005;30;;;10000.0;500.0
-1;42100;RAINFOREST_RESIN;9998;8;9996;2;9995;21;10004;2;10005;21;;;10001.0;500.0
-1;42100;KELP;2018;23;;;;;2021;2;2022;21;;;2019.5;-5092.0546875
-1;42200;RAINFOREST_RESIN;10002;1;9995;28;;;10005;28;;;;;10003.5;500.0
-1;42200;KELP;2018;28;;;;;2022;28;;;;;2020.0;-5094.3359375
-1;42300;KELP;2018;20;;;;;2019;7;2020;2;2022;20;2018.5;-5096.8359375
-1;42300;RAINFOREST_RESIN;9995;20;;;;;10005;20;;;;;10000.0;500.0
-1;42400;KELP;2019;30;;;;;2022;31;;;;;2020.5;-5105.625
-1;42400;RAINFOREST_RESIN;9996;2;9995;29;;;10004;2;10005;29;;;10000.0;500.0
-1;42500;RAINFOREST_RESIN;9995;24;;;;;10002;3;10005;24;;;9998.5;500.0
-1;42500;KELP;2019;24;;;;;2022;24;;;;;2020.5;-5113.1328125
-1;42600;RAINFOREST_RESIN;9995;26;;;;;10005;26;;;;;10000.0;500.0
-1;42600;KELP;2019;26;;;;;2022;26;;;;;2020.5;-5118.078125
-1;42700;KELP;2018;26;;;;;2022;26;;;;;2020.0;-5101.796875
-1;42700;RAINFOREST_RESIN;9995;26;;;;;10005;26;;;;;10000.0;500.0
-1;42800;KELP;2019;30;;;;;2022;30;;;;;2020.5;-5113.9765625
-1;42800;RAINFOREST_RESIN;9995;30;;;;;10005;30;;;;;10000.0;500.0
-1;42900;RAINFOREST_RESIN;9995;25;;;;;10005;25;;;;;10000.0;500.0
-1;42900;KELP;2019;25;;;;;2022;25;;;;;2020.5;-5125.5
-1;43000;RAINFOREST_RESIN;9995;23;;;;;10005;23;;;;;10000.0;504.0
-1;43000;KELP;2020;2;2019;23;;;2023;23;;;;;2021.5;-5149.84375
-1;43100;KELP;2020;21;;;;;2023;21;;;;;2021.5;-5167.734375
-1;43100;RAINFOREST_RESIN;9995;21;;;;;10005;21;;;;;10000.0;504.0
-1;43200;KELP;2019;21;;;;;2023;21;;;;;2021.0;-5155.25
-1;43200;RAINFOREST_RESIN;9996;1;9995;20;;;10004;1;10005;20;;;10000.0;504.0
-1;43300;RAINFOREST_RESIN;9996;1;9995;24;;;10004;1;10005;24;;;10000.0;504.0
-1;43300;KELP;2019;25;;;;;2021;2;2023;25;;;2020.0;-5154.96875
-1;43400;RAINFOREST_RESIN;9996;2;9995;22;;;10004;2;10005;22;;;10000.0;504.0
-1;43400;KELP;2021;4;2020;24;;;2023;24;;;;;2022.0;-5162.09375
-1;43500;KELP;2020;22;;;;;2022;7;2023;23;;;2021.0;-5165.65625
-1;43500;RAINFOREST_RESIN;9998;7;9995;23;;;10005;23;;;;;10001.5;504.0
-1;43600;KELP;2020;5;2019;21;;;2023;23;;;;;2021.5;-5159.34375
-1;43600;RAINFOREST_RESIN;9996;2;9995;21;;;10002;9;10004;2;10005;21;9999.0;504.0
-1;43700;KELP;2020;24;;;;;2023;24;;;;;2021.5;-5163.9765625
-1;43700;RAINFOREST_RESIN;9996;1;9995;23;;;10004;1;10005;23;;;10000.0;504.0
-1;43800;RAINFOREST_RESIN;9996;2;9995;26;;;10004;2;10005;26;;;10000.0;504.0
-1;43800;KELP;2020;35;;;;;2023;28;;;;;2021.5;-5171.5546875
-1;43900;KELP;2020;36;;;;;2023;30;;;;;2021.5;-5162.3984375
-1;43900;RAINFOREST_RESIN;10002;4;9998;2;9996;1;10004;1;10005;29;;;10003.0;504.0
-1;44000;RAINFOREST_RESIN;9996;2;9995;20;;;10004;2;10005;20;;;10000.0;512.0
-1;44000;KELP;2020;22;;;;;2022;3;2023;22;;;2021.0;-5469.75
-1;44100;KELP;2019;24;;;;;2023;24;;;;;2021.0;-5494.3046875
-1;44100;RAINFOREST_RESIN;9995;24;;;;;9998;1;10002;2;10005;24;9996.5;512.0
-1;44200;RAINFOREST_RESIN;9995;21;;;;;10005;21;;;;;10000.0;514.0
-1;44200;KELP;2019;21;;;;;2023;21;;;;;2021.0;-5496.703125
-1;44300;KELP;2019;27;;;;;2023;27;;;;;2021.0;-5493.2578125
-1;44300;RAINFOREST_RESIN;9995;27;;;;;10005;27;;;;;10000.0;514.0
-1;44400;RAINFOREST_RESIN;9998;7;9995;28;;;10005;28;;;;;10001.5;514.0
-1;44400;KELP;2018;28;;;;;2022;28;;;;;2020.0;-5534.234375
-1;44500;KELP;2021;1;2019;2;2018;21;2022;21;;;;;2021.5;-5532.109375
-1;44500;RAINFOREST_RESIN;9995;21;;;;;10005;21;;;;;10000.0;514.0
-1;44600;RAINFOREST_RESIN;9996;1;9995;23;;;10004;1;10005;23;;;10000.0;514.0
-1;44600;KELP;2019;24;;;;;2022;24;;;;;2020.5;-5523.0859375
-1;44700;KELP;2019;29;;;;;2022;29;;;;;2020.5;-5525.4140625
-1;44700;RAINFOREST_RESIN;9995;29;;;;;10002;10;10005;29;;;9998.5;514.0
-1;44800;RAINFOREST_RESIN;9995;29;;;;;9998;1;10002;10;10005;29;9996.5;514.0
-1;44800;KELP;2018;29;;;;;2022;29;;;;;2020.0;-5535.4609375
-1;44900;KELP;2019;1;2018;26;;;2022;26;;;;;2020.5;-5539.1328125
-1;44900;RAINFOREST_RESIN;9996;1;9995;25;;;10004;1;10005;25;;;10000.0;516.0
-1;45000;RAINFOREST_RESIN;10002;1;9996;2;9995;24;10004;2;10005;24;;;10003.0;516.0
-1;45000;KELP;2018;26;;;;;2022;26;;;;;2020.0;-5538.1484375
-1;45100;KELP;2019;27;;;;;2021;5;2022;27;;;2020.0;-5527.2890625
-1;45100;RAINFOREST_RESIN;9996;1;9995;26;;;10004;1;10005;26;;;10000.0;518.0
-1;45200;RAINFOREST_RESIN;9996;1;9995;28;;;10004;1;10005;28;;;10000.0;518.0
-1;45200;KELP;2019;29;;;;;2021;6;2022;29;;;2020.0;-5529.5390625
-1;45300;KELP;2018;26;;;;;2021;22;;;;;2019.5;-5554.6328125
-1;45300;RAINFOREST_RESIN;9995;22;;;;;10005;22;;;;;10000.0;518.0
-1;45400;RAINFOREST_RESIN;9996;2;9995;21;;;9998;1;10004;2;10005;21;9997.0;518.0
-1;45400;KELP;2018;22;;;;;2020;2;2021;23;;;2019.0;-5569.6875
-1;45500;KELP;2018;25;;;;;2019;3;2021;25;;;2018.5;-5565.3515625
-1;45500;RAINFOREST_RESIN;9996;1;9995;24;;;10000;3;10004;1;10005;24;9998.0;520.0
-1;45600;RAINFOREST_RESIN;9995;26;;;;;10002;5;10005;26;;;9998.5;520.0
-1;45600;KELP;2018;33;;;;;2021;26;;;;;2019.5;-5560.4375
-1;45700;KELP;2018;24;;;;;2021;24;;;;;2019.5;-5559.765625
-1;45700;RAINFOREST_RESIN;9995;24;;;;;10005;24;;;;;10000.0;520.0
-1;45800;RAINFOREST_RESIN;9996;1;9995;27;;;10004;1;10005;27;;;10000.0;520.0
-1;45800;KELP;2018;27;;;;;2021;28;;;;;2019.5;-5556.5546875
-1;45900;KELP;2019;4;2018;31;;;2022;31;;;;;2020.5;-6542.1796875
-1;45900;RAINFOREST_RESIN;9996;1;9995;30;;;10004;1;10005;30;;;10000.0;520.0
-1;46000;RAINFOREST_RESIN;9996;2;9995;24;;;10004;2;10005;24;;;10000.0;522.0
-1;46000;KELP;2019;2;2018;24;;;2022;26;;;;;2020.5;-6554.0546875
-1;46100;KELP;2019;25;;;;;2022;25;;;;;2020.5;-6558.21875
-1;46100;RAINFOREST_RESIN;9998;6;9996;2;9995;23;10004;2;10005;23;;;10001.0;522.0
-1;46200;RAINFOREST_RESIN;9998;2;9996;1;9995;27;10004;1;10005;27;;;10001.0;522.0
-1;46200;KELP;2018;28;;;;;2021;1;2022;27;;;2019.5;-6536.9765625
-1;46300;KELP;2018;29;;;;;2021;29;;;;;2019.5;-6524.8984375
-1;46300;RAINFOREST_RESIN;9996;2;9995;27;;;10004;2;10005;27;;;10000.0;522.0
-1;46400;RAINFOREST_RESIN;9995;22;;;;;10005;22;;;;;10000.0;522.0
-1;46400;KELP;2018;22;;;;;2022;22;;;;;2020.0;-6535.75
-1;46500;KELP;2019;6;2018;31;;;2021;31;;;;;2020.0;-6532.8984375
-1;46500;RAINFOREST_RESIN;10000;6;9996;1;9995;30;10004;1;10005;30;;;10002.0;522.0
-1;46600;KELP;2019;3;2018;28;;;2021;1;2022;27;;;2020.0;-6537.3515625
-1;46600;RAINFOREST_RESIN;9998;10;9996;1;9995;27;10004;1;10005;27;;;10001.0;522.0
-1;46700;RAINFOREST_RESIN;9995;26;;;;;10005;26;;;;;10000.0;520.0
-1;46700;KELP;2019;26;;;;;2022;26;;;;;2020.5;-6556.3125
-1;46800;RAINFOREST_RESIN;9996;1;9995;21;;;10004;1;10005;21;;;10000.0;520.0
-1;46800;KELP;2019;22;;;;;2022;22;;;;;2020.5;-6568.7109375
-1;46900;KELP;2021;1;2019;32;;;2022;32;;;;;2021.5;-6557.625
-1;46900;RAINFOREST_RESIN;9996;2;9995;30;;;10004;2;10005;30;;;10000.0;520.0
-1;47000;KELP;2019;21;;;;;2022;21;;;;;2020.5;-6561.328125
-1;47000;RAINFOREST_RESIN;9996;1;9995;20;;;10004;1;10005;20;;;10000.0;520.0
-1;47100;RAINFOREST_RESIN;9996;2;9995;24;;;9998;1;10004;2;10005;24;9997.0;520.0
-1;47100;KELP;2019;22;;;;;2022;26;;;;;2020.5;-6557.671875
-1;47200;RAINFOREST_RESIN;10002;1;9996;2;9995;28;10004;2;10005;28;;;10003.0;522.0
-1;47200;KELP;2019;30;;;;;2022;30;;;;;2020.5;-6559.0546875
-1;47300;KELP;2019;25;;;;;2021;1;2022;25;;;2020.0;-6563.046875
-1;47300;RAINFOREST_RESIN;10002;1;9998;3;9995;25;10005;25;;;;;10003.5;524.0
-1;47400;KELP;2019;25;;;;;2022;24;;;;;2020.5;-6572.8046875
-1;47400;RAINFOREST_RESIN;9995;24;;;;;10002;9;10005;24;;;9998.5;526.0
-1;47500;RAINFOREST_RESIN;9995;30;;;;;10002;1;10005;30;;;9998.5;526.0
-1;47500;KELP;2019;30;;;;;2021;6;2022;30;;;2020.0;-7552.3125
-1;47600;RAINFOREST_RESIN;9996;1;9995;27;;;10004;1;10005;27;;;10000.0;526.0
-1;47600;KELP;2019;28;;;;;2022;28;;;;;2020.5;-7543.6640625
-1;47700;KELP;2019;23;;;;;2022;23;;;;;2020.5;-7541.671875
-1;47700;RAINFOREST_RESIN;9996;1;9995;22;;;10002;8;10004;1;10005;22;9999.0;526.0
-1;47800;KELP;2019;23;;;;;2022;1;2023;22;;;2020.5;-7539.09375
-1;47800;RAINFOREST_RESIN;9996;1;9995;22;;;10002;8;10004;1;10005;22;9999.0;526.0
-1;47900;RAINFOREST_RESIN;10002;1;9995;27;;;10005;27;;;;;10003.5;526.0
-1;47900;KELP;2019;27;;;;;2023;27;;;;;2021.0;-7538.234375
-1;48000;RAINFOREST_RESIN;9995;27;;;;;10005;27;;;;;10000.0;528.0
-1;48000;KELP;2019;27;;;;;2023;27;;;;;2021.0;-7539.1796875
-1;48100;KELP;2019;22;;;;;2022;21;;;;;2020.5;-7548.1953125
-1;48100;RAINFOREST_RESIN;9995;21;;;;;10002;9;10005;21;;;9998.5;528.0
-1;48200;KELP;2019;25;;;;;2022;25;;;;;2020.5;-7550.9609375
-1;48200;RAINFOREST_RESIN;9998;5;9995;25;;;10005;25;;;;;10001.5;528.0
-1;48300;RAINFOREST_RESIN;9996;1;9995;28;;;9998;1;10000;5;10004;1;9997.0;528.0
-1;48300;KELP;2018;29;;;;;2019;5;2022;29;;;2018.5;-7584.390625
-1;48400;RAINFOREST_RESIN;9995;27;;;;;10002;7;10005;27;;;9998.5;530.0
-1;48400;KELP;2019;1;2018;27;;;2022;27;;;;;2020.5;-7577.6796875
-1;48500;KELP;2019;1;2018;29;;;2022;29;;;;;2020.5;-7580.296875
-1;48500;RAINFOREST_RESIN;9995;29;;;;;9998;1;10005;29;;;9996.5;530.0
-1;48600;KELP;2019;1;2018;29;;;2022;29;;;;;2020.5;-7579.40625
-1;48600;RAINFOREST_RESIN;9996;1;9995;28;;;10004;1;10005;28;;;10000.0;532.0
-1;48700;RAINFOREST_RESIN;9996;1;9995;22;;;10004;1;10005;22;;;10000.0;533.0
-1;48700;KELP;2018;23;;;;;2022;23;;;;;2020.0;-7582.609375
-1;48800;RAINFOREST_RESIN;9996;1;9995;23;;;10004;1;10005;23;;;10000.0;533.0
-1;48800;KELP;2019;29;;;;;2022;24;;;;;2020.5;-7567.8828125
-1;48900;KELP;2019;34;;;;;2022;27;;;;;2020.5;-7562.203125
-1;48900;RAINFOREST_RESIN;9995;27;;;;;10005;27;;;;;10000.0;533.0
-1;49000;KELP;2019;39;;;;;2022;32;;;;;2020.5;-7566.734375
-1;49000;RAINFOREST_RESIN;9996;2;9995;30;;;10004;2;10005;30;;;10000.0;533.0
-1;49100;RAINFOREST_RESIN;9996;2;9995;30;;;10004;2;10005;30;;;10000.0;533.0
-1;49100;KELP;2019;40;;;;;2022;32;;;;;2020.5;-7552.84375
-1;49200;RAINFOREST_RESIN;9996;1;9995;20;;;10004;1;10005;20;;;10000.0;533.0
-1;49200;KELP;2019;21;;;;;2022;21;;;;;2020.5;-7563.984375
-1;49300;KELP;2019;21;;;;;2022;22;;;;;2020.5;-7557.78125
-1;49300;RAINFOREST_RESIN;9998;9;9996;1;9995;21;10004;1;10005;21;;;10001.0;533.0
-1;49400;KELP;2021;9;2020;5;2019;20;2022;20;;;;;2021.5;-8090.421875
-1;49400;RAINFOREST_RESIN;9995;20;;;;;10005;20;;;;;10000.0;533.0
-1;49500;RAINFOREST_RESIN;9996;2;9995;30;;;10004;2;10005;30;;;10000.0;533.0
-1;49500;KELP;2019;40;;;;;2022;32;;;;;2020.5;-8099.6015625
-1;49600;RAINFOREST_RESIN;9995;24;;;;;10005;24;;;;;10000.0;533.0
-1;49600;KELP;2021;1;2019;24;;;2022;24;;;;;2021.5;-8107.84375
-1;49700;KELP;2019;28;;;;;2022;28;;;;;2020.5;-8105.390625
-1;49700;RAINFOREST_RESIN;9998;7;9996;2;9995;26;10004;2;10005;26;;;10001.0;533.0
-1;49800;KELP;2019;25;;;;;2020;5;2023;25;;;2019.5;-8128.4375
-1;49800;RAINFOREST_RESIN;9996;2;9995;23;;;10004;2;10005;23;;;10000.0;533.0
-1;49900;RAINFOREST_RESIN;9998;3;9995;23;;;10005;23;;;;;10001.5;533.0
-1;49900;KELP;2019;23;;;;;2023;23;;;;;2021.0;-8122.8828125
-1;50000;RAINFOREST_RESIN;9996;1;9995;20;;;10004;1;10005;20;;;10000.0;537.0
-1;50000;KELP;2019;21;;;;;2022;1;2023;20;;;2020.5;-8117.546875
-1;50100;KELP;2019;24;;;;;2021;2;2022;24;;;2020.0;-8111.1015625
-1;50100;RAINFOREST_RESIN;9995;24;;;;;10005;24;;;;;10000.0;537.0
-1;50200;KELP;2019;24;;;;;2023;24;;;;;2021.0;-8126.25
-1;50200;RAINFOREST_RESIN;9995;24;;;;;10005;24;;;;;10000.0;537.0
-1;50300;RAINFOREST_RESIN;9995;30;;;;;10002;10;10005;30;;;9998.5;537.0
-1;50300;KELP;2019;30;;;;;2023;30;;;;;2021.0;-8130.8984375
-1;50400;RAINFOREST_RESIN;9998;4;9996;1;9995;22;10000;2;10004;1;10005;22;9999.0;537.0
-1;50400;KELP;2019;23;;;;;2021;3;2023;23;;;2020.0;-8129.953125
-1;50500;KELP;2019;25;;;;;2023;25;;;;;2021.0;-8128.2421875
-1;50500;RAINFOREST_RESIN;9996;2;9995;23;;;10004;2;10005;23;;;10000.0;537.0
-1;50600;KELP;2019;21;;;;;2020;6;2023;23;;;2019.5;-8132.1171875
-1;50600;RAINFOREST_RESIN;10002;1;9996;2;9995;21;10004;2;10005;21;;;10003.0;537.0
-1;50700;RAINFOREST_RESIN;9996;2;9995;22;;;10004;2;10005;22;;;10000.0;540.0
-1;50700;KELP;2020;24;;;;;2023;24;;;;;2021.5;-8127.2734375
-1;50800;RAINFOREST_RESIN;10002;5;9996;2;9995;22;10004;2;10005;22;;;10003.0;540.0
-1;50800;KELP;2022;1;2020;24;;;2023;24;;;;;2022.5;-8133.2890625
-1;50900;KELP;2020;28;;;;;2022;4;2023;28;;;2021.0;-8136.0078125
-1;50900;RAINFOREST_RESIN;9996;1;9995;27;;;10004;1;10005;27;;;10000.0;540.0
-1;51000;KELP;2020;28;;;;;2023;28;;;;;2021.5;-8132.15625
-1;51000;RAINFOREST_RESIN;9996;2;9995;26;;;10004;2;10005;26;;;10000.0;540.0
-1;51100;RAINFOREST_RESIN;9998;6;9996;1;9995;25;10004;1;10005;25;;;10001.0;540.0
-1;51100;KELP;2020;26;;;;;2023;26;;;;;2021.5;-8140.390625
-1;51200;RAINFOREST_RESIN;9996;2;9995;28;;;10004;2;10005;28;;;10000.0;540.0
-1;51200;KELP;2020;30;;;;;2023;30;;;;;2021.5;-8135.109375
-1;51300;KELP;2020;25;;;;;2023;25;;;;;2021.5;-8150.1171875
-1;51300;RAINFOREST_RESIN;9996;1;9995;24;;;10004;1;10005;24;;;10000.0;540.0
-1;51400;KELP;2020;30;;;;;2023;30;;;;;2021.5;-8134.359375
-1;51400;RAINFOREST_RESIN;9995;30;;;;;10002;3;10005;30;;;9998.5;540.0
-1;51500;RAINFOREST_RESIN;9995;30;;;;;10005;30;;;;;10000.0;540.0
-1;51500;KELP;2022;1;2020;30;;;2023;30;;;;;2022.5;-8133.66796875
-1;51600;RAINFOREST_RESIN;10000;5;9996;2;9995;22;10002;1;10004;2;10005;22;10001.0;540.0
-1;51600;KELP;2021;5;2020;24;;;2023;24;;;;;2022.0;-8135.140625
-1;51700;KELP;2020;16;;;;;2023;20;;;;;2021.5;-8130.5625
-1;51700;RAINFOREST_RESIN;9995;20;;;;;10005;20;;;;;10000.0;540.0
-1;51800;KELP;2020;1;2019;24;;;2023;25;;;;;2021.5;-8124.1484375
-1;51800;RAINFOREST_RESIN;9996;1;9995;24;;;10004;1;10005;24;;;10000.0;540.0
-1;51900;RAINFOREST_RESIN;9996;1;9995;23;;;10004;1;10005;23;;;10000.0;540.0
-1;51900;KELP;2021;4;2019;24;;;2023;24;;;;;2022.0;-8118.36328125
-1;52000;RAINFOREST_RESIN;9998;3;9995;29;;;10005;29;;;;;10001.5;541.0
-1;52000;KELP;2019;29;;;;;2021;6;2023;29;;;2020.0;-8121.68359375
-1;52100;KELP;2019;21;;;;;2023;21;;;;;2021.0;-8122.29296875
-1;52100;RAINFOREST_RESIN;9995;21;;;;;10005;21;;;;;10000.0;541.0
-1;52200;KELP;2019;31;;;;;2023;31;;;;;2021.0;-8117.1484375
-1;52200;RAINFOREST_RESIN;9996;2;9995;29;;;10004;2;10005;29;;;10000.0;541.0
-1;52300;RAINFOREST_RESIN;10002;1;9996;1;9995;27;10004;1;10005;27;;;10003.0;541.0
-1;52300;KELP;2022;1;2019;28;;;2023;28;;;;;2022.5;-8120.125
-1;52400;RAINFOREST_RESIN;9998;3;9996;1;9995;29;10004;1;10005;29;;;10001.0;543.0
-1;52400;KELP;2020;30;;;;;2023;30;;;;;2021.5;-8133.2578125
-1;52500;KELP;2022;1;2020;28;;;2023;28;;;;;2022.5;-8131.61328125
-1;52500;RAINFOREST_RESIN;9996;1;9995;27;;;9998;1;10004;1;10005;27;9997.0;543.0
-1;52600;RAINFOREST_RESIN;9998;1;9996;1;9995;22;10000;4;10004;1;10005;22;9999.0;545.0
-1;52600;KELP;2020;1;2019;22;;;2021;4;2023;23;;;2020.5;-8121.39453125
-1;52700;KELP;2019;26;;;;;2023;27;;;;;2021.0;-8116.78125
-1;52700;RAINFOREST_RESIN;9996;2;9995;25;;;10004;2;10005;25;;;10000.0;545.0
-1;52800;RAINFOREST_RESIN;9995;26;;;;;10005;26;;;;;10000.0;545.0
-1;52800;KELP;2019;26;;;;;2023;26;;;;;2021.0;-8168.2421875
-1;52900;KELP;2020;30;;;;;2023;30;;;;;2021.5;-8169.875
-1;52900;RAINFOREST_RESIN;9995;30;;;;;10005;30;;;;;10000.0;545.0
-1;53000;RAINFOREST_RESIN;10002;1;9996;1;9995;20;10004;1;10005;20;;;10003.0;557.0
-1;53000;KELP;2020;21;;;;;2023;21;;;;;2021.5;-8177.890625
-1;53100;KELP;2019;24;;;;;2023;24;;;;;2021.0;-8160.3671875
-1;53100;RAINFOREST_RESIN;9995;24;;;;;10005;24;;;;;10000.0;559.0
-1;53200;RAINFOREST_RESIN;9996;1;9995;30;;;10004;1;10005;30;;;10000.0;559.0
-1;53200;KELP;2022;1;2019;31;;;2023;31;;;;;2022.5;-8162.5859375
-1;53300;KELP;2020;29;;;;;2023;29;;;;;2021.5;-8170.3125
-1;53300;RAINFOREST_RESIN;9995;29;;;;;10005;29;;;;;10000.0;559.0
-1;53400;RAINFOREST_RESIN;9998;6;9996;2;9995;23;10004;2;10005;23;;;10001.0;559.0
-1;53400;KELP;2020;25;;;;;2023;25;;;;;2021.5;-8181.453125
-1;53500;KELP;2020;23;;;;;2023;23;;;;;2021.5;-8175.59375
-1;53500;RAINFOREST_RESIN;9996;2;9995;21;;;10002;1;10004;2;10005;21;9999.0;559.0
-1;53600;RAINFOREST_RESIN;9995;24;;;;;9998;9;10005;24;;;9996.5;559.0
-1;53600;KELP;2020;24;;;;;2023;24;;;;;2021.5;-8169.6484375
-1;53700;KELP;2019;30;;;;;2023;30;;;;;2021.0;-8163.828125
-1;53700;RAINFOREST_RESIN;9998;1;9995;30;;;10005;30;;;;;10001.5;573.0
-1;53800;RAINFOREST_RESIN;10002;3;9995;30;;;10005;30;;;;;10003.5;573.0
-1;53800;KELP;2019;30;;;;;2023;30;;;;;2021.0;-8162.7890625
-1;53900;KELP;2019;27;;;;;2023;27;;;;;2021.0;-8159.7734375
-1;53900;RAINFOREST_RESIN;9996;2;9995;25;;;10004;2;10005;25;;;10000.0;573.0
-1;54000;RAINFOREST_RESIN;9998;6;9996;1;9995;30;10004;1;10005;30;;;10001.0;579.0
-1;54000;KELP;2020;31;;;;;2022;1;2023;31;;;2021.0;-8177.6328125
-1;54100;KELP;2020;24;;;;;2022;2;2023;24;;;2021.0;-8175.6484375
-1;54100;RAINFOREST_RESIN;9998;2;9996;2;9995;22;10004;2;10005;22;;;10001.0;579.0
-1;54200;RAINFOREST_RESIN;9995;28;;;;;10005;28;;;;;10000.0;579.0
-1;54200;KELP;2020;28;;;;;2023;28;;;;;2021.5;-8174.25
-1;54300;KELP;2022;1;2019;25;;;2023;25;;;;;2022.5;-8157.59375
-1;54300;RAINFOREST_RESIN;9996;2;9995;23;;;10004;2;10005;23;;;10000.0;579.0
-1;54400;RAINFOREST_RESIN;9995;29;;;;;10005;29;;;;;10000.0;588.0
-1;54400;KELP;2019;29;;;;;2022;29;;;;;2020.5;-8146.0078125
-1;54500;KELP;2019;21;;;;;2022;21;;;;;2020.5;-8141.1953125
-1;54500;RAINFOREST_RESIN;9996;1;9995;20;;;10004;1;10005;20;;;10000.0;588.0
-1;54600;RAINFOREST_RESIN;10002;3;9995;27;;;10005;27;;;;;10003.5;588.0
-1;54600;KELP;2019;27;;;;;2023;27;;;;;2021.0;-8147.6953125
-1;54700;KELP;2019;29;;;;;2020;4;2022;29;;;2019.5;-8145.796875
-1;54700;RAINFOREST_RESIN;9996;2;9995;27;;;10004;2;10005;27;;;10000.0;594.0
-1;54800;RAINFOREST_RESIN;9998;8;9995;27;;;10005;27;;;;;10001.5;594.0
-1;54800;KELP;2019;27;;;;;2021;1;2022;27;;;2020.0;-8141.2109375
-1;54900;KELP;2019;29;;;;;2022;29;;;;;2020.5;-8138.8125
-1;54900;RAINFOREST_RESIN;9996;1;9995;28;;;10002;3;10004;1;10005;28;9999.0;594.0
-1;55000;RAINFOREST_RESIN;9996;2;9995;28;;;10002;8;10004;2;10005;28;9999.0;594.0
-1;55000;KELP;2019;36;;;;;2022;30;;;;;2020.5;-8128.5546875
-1;55100;KELP;2019;37;;;;;2022;29;;;;;2020.5;-8172.69921875
-1;55100;RAINFOREST_RESIN;9995;29;;;;;10005;29;;;;;10000.0;594.0
-1;55200;RAINFOREST_RESIN;9996;2;9995;21;;;10004;2;10005;21;;;10000.0;592.0
-1;55200;KELP;2018;21;;;;;2019;3;2020;8;2022;23;2018.5;-8208.234375
-1;55300;RAINFOREST_RESIN;9996;2;9995;27;;;9998;1;10002;2;10004;2;9997.0;592.0
-1;55300;KELP;2018;29;;;;;2022;29;;;;;2020.0;-8259.5625
-1;55400;RAINFOREST_RESIN;9998;3;9996;1;9995;21;10004;1;10005;21;;;10001.0;592.0
-1;55400;KELP;2019;2;2018;22;;;2022;22;;;;;2020.5;-8258.0390625
-1;55500;KELP;2021;1;2019;4;2018;25;2022;25;;;;;2021.5;-8254.3125
-1;55500;RAINFOREST_RESIN;9995;25;;;;;10002;9;10005;25;;;9998.5;592.0
-1;55600;KELP;2019;3;2018;26;;;2022;26;;;;;2020.5;-8256.7890625
-1;55600;RAINFOREST_RESIN;9995;26;;;;;10005;26;;;;;10000.0;592.0
-1;55700;RAINFOREST_RESIN;9996;2;9995;21;;;10004;2;10005;21;;;10000.0;592.0
-1;55700;KELP;2019;25;;;;;2022;23;;;;;2020.5;-8252.2890625
-1;55800;RAINFOREST_RESIN;9998;6;9996;1;9995;26;10004;1;10005;26;;;10001.0;593.0
-1;55800;KELP;2018;27;;;;;2022;27;;;;;2020.0;-8257.8671875
-1;55900;KELP;2018;22;;;;;2022;22;;;;;2020.0;-8267.2109375
-1;55900;RAINFOREST_RESIN;9995;22;;;;;10005;22;;;;;10000.0;593.0
-1;56000;KELP;2018;24;;;;;2019;3;2021;2;2022;22;2018.5;-8271.703125
-1;56000;RAINFOREST_RESIN;9996;2;9995;22;;;10002;10;10004;2;10005;22;9999.0;593.0
-1;56100;RAINFOREST_RESIN;9996;2;9995;20;;;10004;2;10005;20;;;10000.0;593.0
-1;56100;KELP;2019;22;;;;;2022;22;;;;;2020.5;-8246.4765625
-1;56200;RAINFOREST_RESIN;9996;1;9995;29;;;10004;1;10005;29;;;10000.0;593.0
-1;56200;KELP;2020;2;2018;30;;;2022;30;;;;;2021.0;-8257.90625
-1;56300;KELP;2019;6;2018;27;;;2022;27;;;;;2020.5;-8259.21875
-1;56300;RAINFOREST_RESIN;10002;1;9996;2;9995;25;10004;2;10005;25;;;10003.0;593.0
-1;56400;KELP;2018;31;;;;;2022;31;;;;;2020.0;-8261.28125
-1;56400;RAINFOREST_RESIN;9996;1;9995;30;;;10004;1;10005;30;;;10000.0;595.0
-1;56500;RAINFOREST_RESIN;9996;2;9995;27;;;10004;2;10005;27;;;10000.0;595.0
-1;56500;KELP;2018;29;;;;;2022;29;;;;;2020.0;-8262.734375
-1;56600;RAINFOREST_RESIN;9996;2;9995;29;;;10002;4;10004;2;10005;29;9999.0;595.0
-1;56600;KELP;2019;2;2018;29;;;2022;31;;;;;2020.5;-8255.2421875
-1;56700;KELP;2020;6;2018;26;;;2022;26;;;;;2021.0;-8265.2734375
-1;56700;RAINFOREST_RESIN;9998;3;9996;2;9995;24;10000;2;10004;2;10005;24;9999.0;595.0
-1;56800;KELP;2018;24;;;;;2021;2;2022;22;;;2019.5;-8270.5078125
-1;56800;RAINFOREST_RESIN;10002;1;9998;10;9996;2;10004;2;10005;22;;;10003.0;595.0
-1;56900;RAINFOREST_RESIN;9996;2;9995;20;;;10004;2;10005;20;;;10000.0;597.0
-1;56900;KELP;2018;24;;;;;2021;22;;;;;2019.5;-8282.4375
-1;57000;RAINFOREST_RESIN;9996;1;9995;27;;;10004;1;10005;27;;;10000.0;597.0
-1;57000;KELP;2018;28;;;;;2020;8;2021;28;;;2019.0;-8299.0546875
-1;57100;KELP;2017;27;;;;;2020;27;;;;;2018.5;-8325.546875
-1;57100;RAINFOREST_RESIN;9996;2;9995;25;;;10004;2;10005;25;;;10000.0;597.0
-1;57200;KELP;2019;1;2017;27;;;2020;27;;;;;2019.5;-8333.3671875
-1;57200;RAINFOREST_RESIN;10002;2;9996;1;9995;26;10004;1;10005;26;;;10003.0;597.0
-1;57300;RAINFOREST_RESIN;9996;1;9995;26;;;10002;9;10004;1;10005;26;9999.0;601.0
-1;57300;KELP;2017;27;;;;;2020;27;;;;;2018.5;-8328.265625
-1;57400;RAINFOREST_RESIN;9995;24;;;;;10005;24;;;;;10000.0;601.0
-1;57400;KELP;2017;24;;;;;2019;2;2020;24;;;2018.0;-8332.9609375
-1;57500;KELP;2019;5;2017;30;;;2020;25;;;;;2019.5;-8332.1484375
-1;57500;RAINFOREST_RESIN;9998;5;9996;2;9995;23;10004;2;10005;23;;;10001.0;601.0
-1;57600;KELP;2017;24;;;;;2020;24;;;;;2018.5;-8328.34375
-1;57600;RAINFOREST_RESIN;9995;24;;;;;10005;24;;;;;10000.0;601.0
-1;57700;RAINFOREST_RESIN;9995;29;;;;;10005;29;;;;;10000.0;601.0
-1;57700;KELP;2017;29;;;;;2020;29;;;;;2018.5;-8329.140625
-1;57800;RAINFOREST_RESIN;9998;1;9996;2;9995;29;10004;2;10005;29;;;10001.0;601.0
-1;57800;KELP;2017;31;;;;;2020;2;2021;29;;;2018.5;-8318.8359375
-1;57900;KELP;2017;27;;;;;2018;6;2019;5;2020;2;2017.5;-8322.4140625
-1;57900;RAINFOREST_RESIN;9996;2;9995;25;;;9998;1;10000;6;10004;2;9997.0;601.0
-1;58000;KELP;2017;29;;;;;2020;1;2021;24;;;2018.5;-8323.109375
-1;58000;RAINFOREST_RESIN;9996;1;9995;24;;;9998;4;10004;1;10005;24;9997.0;603.0
-1;58100;RAINFOREST_RESIN;9995;23;;;;;10005;23;;;;;10000.0;603.0
-1;58100;KELP;2017;23;;;;;2020;23;;;;;2018.5;-8321.8828125
-1;58200;RAINFOREST_RESIN;9996;1;9995;30;;;10004;1;10005;30;;;10000.0;603.0
-1;58200;KELP;2017;31;;;;;2020;31;;;;;2018.5;-8319.4453125
-1;58300;KELP;2017;29;;;;;2020;29;;;;;2018.5;-8321.328125
-1;58300;RAINFOREST_RESIN;9995;29;;;;;10005;29;;;;;10000.0;603.0
-1;58400;KELP;2016;23;;;;;2018;1;2019;23;;;2017.0;-8364.0625
-1;58400;RAINFOREST_RESIN;9996;2;9995;21;;;10004;2;10005;21;;;10000.0;603.0
-1;58500;RAINFOREST_RESIN;9995;21;;;;;10002;1;10005;21;;;9998.5;603.0
-1;58500;KELP;2016;21;;;;;2019;21;;;;;2017.5;-8370.8046875
-1;58600;RAINFOREST_RESIN;10002;1;9995;25;;;10005;25;;;;;10003.5;603.0
-1;58600;KELP;2015;25;;;;;2017;7;2019;25;;;2016.0;-8380.8125
-1;58700;KELP;2015;34;;;;;2018;32;;;;;2016.5;-8391.28125
-1;58700;RAINFOREST_RESIN;9996;2;9995;30;;;10004;2;10005;30;;;10000.0;605.0
-1;58800;KELP;2015;29;;;;;2019;29;;;;;2017.0;-8393.5390625
-1;58800;RAINFOREST_RESIN;9995;29;;;;;10002;1;10005;29;;;9998.5;605.0
-1;58900;RAINFOREST_RESIN;9996;1;9995;24;;;10004;1;10005;24;;;10000.0;617.0
-1;58900;KELP;2015;25;;;;;2019;25;;;;;2017.0;-8386.2734375
-1;59000;RAINFOREST_RESIN;9996;2;9995;20;;;10004;2;10005;20;;;10000.0;617.0
-1;59000;KELP;2016;22;;;;;2019;22;;;;;2017.5;-8372.15625
-1;59100;KELP;2016;34;;;;;2019;27;;;;;2017.5;-8360.59375
-1;59100;RAINFOREST_RESIN;9995;27;;;;;10005;27;;;;;10000.0;617.0
-1;59200;KELP;2016;31;;;;;2020;31;;;;;2018.0;-8337.390625
-1;59200;RAINFOREST_RESIN;9998;4;9996;2;9995;29;10004;2;10005;29;;;10001.0;619.0
-1;59300;RAINFOREST_RESIN;9996;1;9995;26;;;10004;1;10005;26;;;10000.0;619.0
-1;59300;KELP;2016;26;;;;;2018;2;2019;27;;;2017.0;-8358.90625
-1;59400;RAINFOREST_RESIN;9996;1;9995;21;;;10004;1;10005;21;;;10000.0;619.0
-1;59400;KELP;2015;22;;;;;2019;22;;;;;2017.0;-8386.8046875
-1;59500;KELP;2015;23;;;;;2019;23;;;;;2017.0;-8382.1640625
-1;59500;RAINFOREST_RESIN;10002;5;9995;23;;;10005;23;;;;;10003.5;619.0
-1;59600;KELP;2016;29;;;;;2019;29;;;;;2017.5;-8376.3359375
-1;59600;RAINFOREST_RESIN;9996;2;9995;27;;;10004;2;10005;27;;;10000.0;619.0
-1;59700;RAINFOREST_RESIN;9995;21;;;;;10005;21;;;;;10000.0;619.0
-1;59700;KELP;2015;21;;;;;2018;21;;;;;2016.5;-8418.1796875
-1;59800;RAINFOREST_RESIN;9996;1;9995;24;;;10004;1;10005;24;;;10000.0;619.0
-1;59800;KELP;2015;25;;;;;2018;25;;;;;2016.5;-8412.3984375
-1;59900;KELP;2015;24;;;;;2018;24;;;;;2016.5;-8418.5703125
-1;59900;RAINFOREST_RESIN;9996;1;9995;23;;;10002;6;10004;1;10005;23;9999.0;619.0
-1;60000;KELP;2015;22;;;;;2018;22;;;;;2016.5;-8413.5078125
-1;60000;RAINFOREST_RESIN;9998;3;9995;22;;;10005;22;;;;;10001.5;619.0
-1;60100;RAINFOREST_RESIN;9996;2;9995;25;;;10004;2;10005;25;;;10000.0;620.0
-1;60100;KELP;2015;27;;;;;2018;27;;;;;2016.5;-8417.46875
-1;60200;RAINFOREST_RESIN;9995;25;;;;;10005;25;;;;;10000.0;620.0
-1;60200;KELP;2016;3;2015;25;;;2018;25;;;;;2017.0;-8428.8984375
-1;60300;KELP;2015;28;;;;;2018;28;;;;;2016.5;-8430.3359375
-1;60300;RAINFOREST_RESIN;9996;1;9995;27;;;10004;1;10005;27;;;10000.0;628.0
-1;60400;KELP;2015;1;2014;20;;;2018;21;;;;;2016.5;-8435.0078125
-1;60400;RAINFOREST_RESIN;9996;1;9995;20;;;9998;1;10004;1;10005;20;9997.0;628.0
-1;60500;RAINFOREST_RESIN;9996;1;9995;23;;;10004;1;10005;23;;;10000.0;628.0
-1;60500;KELP;2015;24;;;;;2018;24;;;;;2016.5;-8408.7890625
-1;60600;RAINFOREST_RESIN;9996;2;9995;22;;;10004;2;10005;22;;;10000.0;628.0
-1;60600;KELP;2015;26;;;;;2018;24;;;;;2016.5;-8410.21875
-1;60700;KELP;2015;22;;;;;2017;5;2018;22;;;2016.0;-8410.609375
-1;60700;RAINFOREST_RESIN;9995;22;;;;;10005;22;;;;;10000.0;628.0
-1;60800;KELP;2015;31;;;;;2018;32;;;;;2016.5;-8409.9296875
-1;60800;RAINFOREST_RESIN;10002;10;9996;2;9995;30;10004;2;10005;30;;;10003.0;628.0
-1;60900;RAINFOREST_RESIN;9996;2;9995;29;;;10004;2;10005;29;;;10000.0;648.0
-1;60900;KELP;2015;28;;;;;2017;4;2018;31;;;2016.0;-9388.265625
-1;61000;RAINFOREST_RESIN;9995;28;;;;;10005;28;;;;;10000.0;648.0
-1;61000;KELP;2015;28;;;;;2018;28;;;;;2016.5;-9394.7890625
-1;61100;KELP;2015;29;;;;;2017;3;2018;29;;;2016.0;-9380.3046875
-1;61100;RAINFOREST_RESIN;9995;29;;;;;10005;29;;;;;10000.0;648.0
-1;61200;KELP;2015;22;;;;;2016;2;2018;22;;;2015.5;-9392.6015625
-1;61200;RAINFOREST_RESIN;9998;9;9996;1;9995;21;10000;2;10004;1;10005;21;9999.0;648.0
-1;61300;RAINFOREST_RESIN;9996;1;9995;22;;;10004;1;10005;22;;;10000.0;648.0
-1;61300;KELP;2015;23;;;;;2018;23;;;;;2016.5;-9405.875
-1;61400;RAINFOREST_RESIN;9996;1;9995;30;;;10004;1;10005;30;;;10000.0;648.0
-1;61400;KELP;2015;31;;;;;2018;1;2019;30;;;2016.5;-9410.828125
-1;61500;KELP;2015;29;;;;;2018;29;;;;;2016.5;-9391.4453125
-1;61500;RAINFOREST_RESIN;9996;2;9995;27;;;10004;2;10005;27;;;10000.0;648.0
-1;61600;RAINFOREST_RESIN;9996;2;9995;28;;;10004;2;10005;28;;;10000.0;648.0
-1;61600;KELP;2015;30;;;;;2017;5;2018;30;;;2016.0;-9380.8203125
-1;61700;KELP;2014;26;;;;;2016;7;2017;27;;;2015.0;-9345.3359375
-1;61700;RAINFOREST_RESIN;9996;1;9995;26;;;10004;1;10005;26;;;10000.0;648.0
-1;61800;RAINFOREST_RESIN;9995;20;;;;;10005;20;;;;;10000.0;648.0
-1;61800;KELP;2015;20;;;;;2018;20;;;;;2016.5;-9382.9375
-1;61900;KELP;2014;26;;;;;2017;26;;;;;2015.5;-9349.359375
-1;61900;RAINFOREST_RESIN;9995;26;;;;;9998;1;10005;26;;;9996.5;648.0
-1;62000;RAINFOREST_RESIN;9995;20;;;;;10005;20;;;;;10000.0;652.0
-1;62000;KELP;2016;1;2014;20;;;2017;20;;;;;2016.5;-9352.1640625
-1;62100;KELP;2014;25;;;;;2017;25;;;;;2015.5;-9355.2734375
-1;62100;RAINFOREST_RESIN;9996;2;9995;23;;;10004;2;10005;23;;;10000.0;652.0
-1;62200;RAINFOREST_RESIN;9995;25;;;;;10002;3;10005;25;;;9998.5;652.0
-1;62200;KELP;2014;25;;;;;2017;25;;;;;2015.5;-9348.5
-1;62300;KELP;2014;22;;;;;2017;22;;;;;2015.5;-9353.671875
-1;62300;RAINFOREST_RESIN;9995;22;;;;;10005;22;;;;;10000.0;652.0
-1;62400;RAINFOREST_RESIN;9996;2;9995;23;;;10004;2;10005;23;;;10000.0;656.0
-1;62400;KELP;2014;25;;;;;2016;8;2018;25;;;2015.0;-9374.1484375
-1;62500;KELP;2015;3;2014;23;;;2018;24;;;;;2016.5;-9375.484375
-1;62500;RAINFOREST_RESIN;9996;1;9995;23;;;10004;1;10005;23;;;10000.0;656.0
-1;62600;RAINFOREST_RESIN;9995;29;;;;;10005;29;;;;;10000.0;656.0
-1;62600;KELP;2015;29;;;;;2018;29;;;;;2016.5;-9398.21875
-1;62700;KELP;2015;26;;;;;2018;26;;;;;2016.5;-9396.2265625
-1;62700;RAINFOREST_RESIN;9996;2;9995;24;;;10004;2;10005;24;;;10000.0;656.0
-1;62800;RAINFOREST_RESIN;9995;26;;;;;10005;26;;;;;10000.0;656.0
-1;62800;KELP;2015;25;;;;;2017;1;2019;26;;;2016.0;-9414.453125
-1;62900;KELP;2016;29;;;;;2018;1;2019;29;;;2017.0;-9441.0
-1;62900;RAINFOREST_RESIN;9996;2;9995;27;;;9998;4;10004;2;10005;27;9997.0;656.0
-1;63000;RAINFOREST_RESIN;9995;29;;;;;10005;29;;;;;10000.0;656.0
-1;63000;KELP;2016;29;;;;;2018;4;2019;29;;;2017.0;-9443.7421875
-1;63100;KELP;2016;25;;;;;2020;26;;;;;2018.0;-9466.5859375
-1;63100;RAINFOREST_RESIN;9996;2;9995;24;;;10004;2;10005;24;;;10000.0;656.0
-1;63200;RAINFOREST_RESIN;9995;28;;;;;10005;28;;;;;10000.0;656.0
-1;63200;KELP;2016;28;;;;;2020;28;;;;;2018.0;-9468.3515625
-1;63300;KELP;2016;32;;;;;2019;2;2020;30;;;2017.5;-9462.234375
-1;63300;RAINFOREST_RESIN;9996;2;9995;30;;;10004;2;10005;30;;;10000.0;656.0
-1;63400;RAINFOREST_RESIN;9996;2;9995;24;;;10004;2;10005;24;;;10000.0;656.0
-1;63400;KELP;2018;3;2016;26;;;2020;26;;;;;2019.0;-9465.2734375
-1;63500;KELP;2016;22;;;;;2019;20;;;;;2017.5;-9457.6484375
-1;63500;RAINFOREST_RESIN;9998;8;9995;20;;;10005;20;;;;;10001.5;656.0
-1;63600;RAINFOREST_RESIN;9995;21;;;;;10005;21;;;;;10000.0;656.0
-1;63600;KELP;2018;1;2016;21;;;2019;21;;;;;2018.5;-9453.109375
-1;63700;KELP;2017;8;2016;30;;;2019;2;2020;28;;;2018.0;-9462.1796875
-1;63700;RAINFOREST_RESIN;9996;2;9995;28;;;10002;6;10004;2;10005;28;9999.0;656.0
-1;63800;RAINFOREST_RESIN;9996;1;9995;21;;;10004;1;10005;21;;;10000.0;656.0
-1;63800;KELP;2016;21;;;;;2018;7;2020;22;;;2017.0;-9467.453125
-1;63900;KELP;2016;21;;;;;2018;6;2020;21;;;2017.0;-9459.875
-1;63900;RAINFOREST_RESIN;9995;21;;;;;10005;21;;;;;10000.0;656.0
-1;64000;RAINFOREST_RESIN;9998;6;9995;30;;;10005;30;;;;;10001.5;692.0
-1;64000;KELP;2016;30;;;;;2019;30;;;;;2017.5;-9455.015625
-1;64100;KELP;2016;27;;;;;2019;27;;;;;2017.5;-9454.3203125
-1;64100;RAINFOREST_RESIN;9995;27;;;;;10002;6;10005;27;;;9998.5;692.0
-1;64200;KELP;2015;25;;;;;2018;25;;;;;2016.5;-9404.7890625
-1;64200;RAINFOREST_RESIN;9996;1;9995;24;;;10004;1;10005;24;;;10000.0;692.0
-1;64300;RAINFOREST_RESIN;9998;7;9996;1;9995;22;10004;1;10005;22;;;10001.0;694.0
-1;64300;KELP;2015;23;;;;;2018;23;;;;;2016.5;-9392.3515625
-1;64400;RAINFOREST_RESIN;9998;8;9996;2;9995;27;10004;2;10005;27;;;10001.0;694.0
-1;64400;KELP;2015;31;;;;;2018;29;;;;;2016.5;-9395.53125
-1;64500;KELP;2015;29;;;;;2017;6;2018;29;;;2016.0;-10097.234375
-1;64500;RAINFOREST_RESIN;9998;5;9996;2;9995;27;10004;2;10005;27;;;10001.0;694.0
-1;64600;KELP;2015;26;;;;;2018;26;;;;;2016.5;-10102.375
-1;64600;RAINFOREST_RESIN;9995;26;;;;;10005;26;;;;;10000.0;694.0
-1;64700;RAINFOREST_RESIN;9995;28;;;;;10005;28;;;;;10000.0;694.0
-1;64700;KELP;2015;28;;;;;2018;28;;;;;2016.5;-10117.2421875
-1;64800;RAINFOREST_RESIN;9996;2;9995;30;;;10004;2;10005;30;;;10000.0;694.0
-1;64800;KELP;2015;2;2014;30;;;2018;32;;;;;2016.5;-10118.328125
-1;64900;KELP;2015;31;;;;;2017;3;2018;31;;;2016.0;-10117.25
-1;64900;RAINFOREST_RESIN;9996;2;9995;29;;;10004;2;10005;29;;;10000.0;694.0
-1;65000;KELP;2015;25;;;;;2018;25;;;;;2016.5;-10101.0078125
-1;65000;RAINFOREST_RESIN;9995;25;;;;;9998;1;10005;25;;;9996.5;694.0
-1;65100;RAINFOREST_RESIN;9996;2;9995;23;;;10004;2;10005;23;;;10000.0;694.0
-1;65100;KELP;2015;25;;;;;2018;25;;;;;2016.5;-10106.4921875
-1;65200;RAINFOREST_RESIN;9998;8;9995;29;;;10005;29;;;;;10001.5;694.0
-1;65200;KELP;2017;1;2015;29;;;2019;29;;;;;2018.0;-10080.0234375
-1;65300;KELP;2015;21;;;;;2017;2;2018;21;;;2016.0;-10097.234375
-1;65300;RAINFOREST_RESIN;9995;21;;;;;10002;3;10005;21;;;9998.5;694.0
-1;65400;KELP;2015;28;;;;;2016;3;2018;28;;;2015.5;-10092.203125
-1;65400;RAINFOREST_RESIN;9996;2;9995;26;;;10000;3;10004;2;10005;26;9998.0;694.0
-1;65500;RAINFOREST_RESIN;9996;2;9995;27;;;10004;2;10005;27;;;10000.0;694.0
-1;65500;KELP;2015;36;;;;;2018;29;;;;;2016.5;-10102.515625
-1;65600;RAINFOREST_RESIN;9998;5;9995;20;;;10005;20;;;;;10001.5;694.0
-1;65600;KELP;2015;20;;;;;2019;20;;;;;2017.0;-10086.4453125
-1;65700;KELP;2014;29;;;;;2018;29;;;;;2016.0;-10120.203125
-1;65700;RAINFOREST_RESIN;9995;29;;;;;10005;29;;;;;10000.0;694.0
-1;65800;KELP;2015;20;;;;;2017;7;2018;20;;;2016.0;-10115.546875
-1;65800;RAINFOREST_RESIN;9998;9;9995;20;;;10005;20;;;;;10001.5;694.0
-1;65900;RAINFOREST_RESIN;9996;1;9995;23;;;10004;1;10005;23;;;10000.0;676.0
-1;65900;KELP;2015;29;;;;;2018;24;;;;;2016.5;-10105.71875
-1;66000;RAINFOREST_RESIN;9998;4;9996;2;9995;22;10004;2;10005;22;;;10001.0;676.0
-1;66000;KELP;2015;24;;;;;2018;24;;;;;2016.5;-10104.65625
-1;66100;KELP;2015;27;;;;;2018;27;;;;;2016.5;-10099.109375
-1;66100;RAINFOREST_RESIN;9996;1;9995;26;;;9998;1;10004;1;10005;26;9997.0;676.0
-1;66200;KELP;2016;5;2015;20;;;2019;20;;;;;2017.5;-10078.6640625
-1;66200;RAINFOREST_RESIN;10002;1;10000;5;9995;20;10005;20;;;;;10003.5;678.0
-1;66300;RAINFOREST_RESIN;9996;1;9995;24;;;10004;1;10005;24;;;10000.0;680.0
-1;66300;KELP;2018;1;2016;2;2015;25;2019;25;;;;;2018.5;-10074.109375
-1;66400;RAINFOREST_RESIN;9995;21;;;;;9998;3;10005;21;;;9996.5;680.0
-1;66400;KELP;2015;21;;;;;2019;21;;;;;2017.0;-10069.625
-1;66500;KELP;2015;22;;;;;2019;22;;;;;2017.0;-10072.671875
-1;66500;RAINFOREST_RESIN;9996;2;9995;20;;;10004;2;10005;20;;;10000.0;686.0
-1;66600;KELP;2015;22;;;;;2017;3;2019;22;;;2016.0;-10084.28125
-1;66600;RAINFOREST_RESIN;9995;22;;;;;10005;22;;;;;10000.0;686.0
-1;66700;RAINFOREST_RESIN;9998;9;9995;27;;;10005;27;;;;;10001.5;686.0
-1;66700;KELP;2014;27;;;;;2018;27;;;;;2016.0;-10128.6640625
-1;66800;RAINFOREST_RESIN;9995;30;;;;;10005;30;;;;;10000.0;686.0
-1;66800;KELP;2014;30;;;;;2018;30;;;;;2016.0;-10123.734375
-1;66900;KELP;2017;1;2015;4;2014;23;2018;23;;;;;2017.5;-10121.2109375
-1;66900;RAINFOREST_RESIN;9998;4;9995;23;;;10005;23;;;;;10001.5;686.0
-1;67000;KELP;2015;25;;;;;2018;25;;;;;2016.5;-10112.546875
-1;67000;RAINFOREST_RESIN;9996;1;9995;24;;;10004;1;10005;24;;;10000.0;686.0
-1;67100;RAINFOREST_RESIN;9995;23;;;;;10005;23;;;;;10000.0;686.0
-1;67100;KELP;2015;23;;;;;2018;23;;;;;2016.5;-10116.125
-1;67200;RAINFOREST_RESIN;9996;2;9995;20;;;10002;3;10004;2;10005;20;9999.0;686.0
-1;67200;KELP;2015;21;;;;;2018;22;;;;;2016.5;-10101.203125
-1;67300;KELP;2015;31;;;;;2018;30;;;;;2016.5;-10130.2734375
-1;67300;RAINFOREST_RESIN;9995;30;;;;;9998;3;10005;30;;;9996.5;686.0
-1;67400;KELP;2015;26;;;;;2018;26;;;;;2016.5;-10161.0
-1;67400;RAINFOREST_RESIN;9998;4;9996;1;9995;25;10004;1;10005;25;;;10001.0;686.0
-1;67500;RAINFOREST_RESIN;9995;21;;;;;10005;21;;;;;10000.0;686.0
-1;67500;KELP;2015;20;;;;;2018;21;;;;;2016.5;-10165.0234375
-1;67600;RAINFOREST_RESIN;9996;2;9995;25;;;10004;2;10005;25;;;10000.0;686.0
-1;67600;KELP;2015;27;;;;;2018;27;;;;;2016.5;-10732.3828125
-1;67700;KELP;2015;33;;;;;2018;30;;;;;2016.5;-10736.421875
-1;67700;RAINFOREST_RESIN;9996;1;9995;29;;;10004;1;10005;29;;;10000.0;686.0
-1;67800;KELP;2015;38;;;;;2018;30;;;;;2016.5;-10767.57421875
-1;67800;RAINFOREST_RESIN;9998;3;9995;30;;;10005;30;;;;;10001.5;686.0
-1;67900;RAINFOREST_RESIN;9995;25;;;;;10005;25;;;;;10000.0;686.0
-1;67900;KELP;2015;25;;;;;2018;25;;;;;2016.5;-10813.083984375
-1;68000;RAINFOREST_RESIN;9996;2;9995;21;;;10004;2;10005;21;;;10000.0;686.0
-1;68000;KELP;2015;23;;;;;2018;23;;;;;2016.5;-10812.673828125
-1;68100;KELP;2015;31;;;;;2017;4;2018;31;;;2016.0;-10822.1015625
-1;68100;RAINFOREST_RESIN;9996;2;9995;29;;;10004;2;10005;29;;;10000.0;686.0
-1;68200;KELP;2017;1;2015;31;;;2018;31;;;;;2017.5;-10818.388671875
-1;68200;RAINFOREST_RESIN;9996;2;9995;29;;;10004;2;10005;29;;;10000.0;686.0
-1;68300;RAINFOREST_RESIN;9996;1;9995;28;;;10004;1;10005;28;;;10000.0;686.0
-1;68300;KELP;2017;1;2015;29;;;2018;29;;;;;2017.5;-10820.232421875
-1;68400;RAINFOREST_RESIN;9996;2;9995;26;;;10004;2;10005;26;;;10000.0;686.0
-1;68400;KELP;2015;28;;;;;2018;28;;;;;2016.5;-10817.798828125
-1;68500;KELP;2015;23;;;;;2018;23;;;;;2016.5;-10816.431640625
-1;68500;RAINFOREST_RESIN;9995;23;;;;;10002;5;10005;23;;;9998.5;686.0
-1;68600;KELP;2015;24;;;;;2018;25;;;;;2016.5;-10817.005859375
-1;68600;RAINFOREST_RESIN;9996;1;9995;24;;;10004;1;10005;24;;;10000.0;686.0
-1;68700;RAINFOREST_RESIN;9996;1;9995;27;;;10004;1;10005;27;;;10000.0;686.0
-1;68700;KELP;2015;28;;;;;2018;28;;;;;2016.5;-11432.5703125
-1;68800;RAINFOREST_RESIN;9995;22;;;;;9998;1;10005;22;;;9996.5;686.0
-1;68800;KELP;2015;22;;;;;2018;22;;;;;2016.5;-11426.40625
-1;68900;KELP;2017;1;2015;28;;;2018;28;;;;;2017.5;-11406.5546875
-1;68900;RAINFOREST_RESIN;9996;1;9995;27;;;10004;1;10005;27;;;10000.0;688.0
-1;69000;KELP;2015;30;;;;;2018;30;;;;;2016.5;-11428.5390625
-1;69000;RAINFOREST_RESIN;9996;2;9995;28;;;10004;2;10005;28;;;10000.0;688.0
-1;69100;RAINFOREST_RESIN;9998;9;9996;1;9995;30;10004;1;10005;30;;;10001.0;688.0
-1;69100;KELP;2015;30;;;;;2018;31;;;;;2016.5;-11418.859375
-1;69200;RAINFOREST_RESIN;9996;2;9995;28;;;10004;2;10005;28;;;10000.0;688.0
-1;69200;KELP;2017;3;2015;30;;;2018;30;;;;;2017.5;-11416.890625
-1;69300;KELP;2017;1;2015;21;;;2018;21;;;;;2017.5;-11414.296875
-1;69300;RAINFOREST_RESIN;9995;21;;;;;9998;1;10005;21;;;9996.5;688.0
-1;69400;KELP;2015;26;;;;;2018;26;;;;;2016.5;-11416.3125
-1;69400;RAINFOREST_RESIN;10002;1;9998;2;9996;1;10004;1;10005;25;;;10003.0;690.0
-1;69500;RAINFOREST_RESIN;9998;1;9996;2;9995;24;10004;2;10005;24;;;10001.0;692.0
-1;69500;KELP;2015;32;;;;;2018;26;;;;;2016.5;-11418.28125
-1;69600;RAINFOREST_RESIN;9995;23;;;;;10005;23;;;;;10000.0;692.0
-1;69600;KELP;2015;22;;;;;2018;23;;;;;2016.5;-11417.765625
-1;69700;KELP;2015;21;;;;;2018;21;;;;;2016.5;-11417.8125
-1;69700;RAINFOREST_RESIN;10002;1;9996;1;9995;20;10004;1;10005;20;;;10003.0;692.0
-1;69800;KELP;2015;24;;;;;2018;24;;;;;2016.5;-11430.8046875
-1;69800;RAINFOREST_RESIN;9996;1;9995;23;;;10004;1;10005;23;;;10000.0;698.0
-1;69900;RAINFOREST_RESIN;9996;2;9995;27;;;10004;2;10005;27;;;10000.0;698.0
-1;69900;KELP;2015;29;;;;;2018;29;;;;;2016.5;-11429.1953125
-1;70000;RAINFOREST_RESIN;9996;2;9995;27;;;10004;2;10005;27;;;10000.0;698.0
-1;70000;KELP;2015;29;;;;;2018;29;;;;;2016.5;-11422.4921875
-1;70100;KELP;2015;23;;;;;2018;2;2019;22;;;2016.5;-11438.859375
-1;70100;RAINFOREST_RESIN;9996;2;9995;22;;;10004;2;10005;22;;;10000.0;698.0
-1;70200;KELP;2015;22;;;;;2018;22;;;;;2016.5;-11428.84375
-1;70200;RAINFOREST_RESIN;9996;1;9995;21;;;10004;1;10005;21;;;10000.0;698.0
-1;70300;RAINFOREST_RESIN;9996;1;9995;25;;;9998;2;10004;1;10005;25;9997.0;698.0
-1;70300;KELP;2015;26;;;;;2018;26;;;;;2016.5;-11415.40625
-1;70400;RAINFOREST_RESIN;9995;26;;;;;10005;26;;;;;10000.0;698.0
-1;70400;KELP;2015;26;;;;;2017;6;2018;26;;;2016.0;-11407.4375
-1;70500;KELP;2015;23;;;;;2016;3;2017;3;2018;23;2015.5;-11417.6640625
-1;70500;RAINFOREST_RESIN;9995;23;;;;;10000;3;10005;23;;;9997.5;698.0
-1;70600;RAINFOREST_RESIN;9996;1;9995;27;;;10004;1;10005;27;;;10000.0;698.0
-1;70600;KELP;2015;34;;;;;2018;28;;;;;2016.5;-11434.1484375
-1;70700;KELP;2015;26;;;;;2018;26;;;;;2016.5;-11415.4921875
-1;70700;RAINFOREST_RESIN;9995;26;;;;;10005;26;;;;;10000.0;702.0
-1;70800;RAINFOREST_RESIN;10002;1;9995;27;;;10005;27;;;;;10003.5;702.0
-1;70800;KELP;2015;26;;;;;2018;27;;;;;2016.5;-11422.171875
-1;70900;KELP;2015;32;;;;;2018;32;;;;;2016.5;-11426.2421875
-1;70900;RAINFOREST_RESIN;9996;2;9995;30;;;10004;2;10005;30;;;10000.0;704.0
-1;71000;RAINFOREST_RESIN;9996;1;9995;29;;;10002;5;10004;1;10005;29;9999.0;704.0
-1;71000;KELP;2015;30;;;;;2018;30;;;;;2016.5;-11424.1796875
-1;71100;KELP;2015;22;;;;;2018;22;;;;;2016.5;-11425.65625
-1;71100;RAINFOREST_RESIN;9998;9;9996;1;9995;21;10004;1;10005;21;;;10001.0;704.0
-1;71200;RAINFOREST_RESIN;10002;1;9996;1;9995;28;10004;1;10005;28;;;10003.0;704.0
-1;71200;KELP;2015;28;;;;;2018;29;;;;;2016.5;-11424.0390625
-1;71300;KELP;2015;28;;;;;2017;4;2018;28;;;2016.0;-11415.6953125
-1;71300;RAINFOREST_RESIN;9996;2;9995;26;;;10002;4;10004;2;10005;26;9999.0;706.0
-1;71400;RAINFOREST_RESIN;9996;2;9995;24;;;10002;3;10004;2;10005;24;9999.0;706.0
-1;71400;KELP;2015;26;;;;;2018;26;;;;;2016.5;-11413.0546875
-1;71500;KELP;2015;25;;;;;2018;28;;;;;2016.5;-11429.3671875
-1;71500;RAINFOREST_RESIN;10002;1;9996;2;9995;26;10004;2;10005;26;;;10003.0;706.0
-1;71600;RAINFOREST_RESIN;9996;1;9995;27;;;9998;3;10004;1;10005;27;9997.0;708.0
-1;71600;KELP;2014;28;;;;;2018;28;;;;;2016.0;-11400.1953125
-1;71700;KELP;2014;31;;;;;2016;4;2018;31;;;2015.0;-11401.21875
-1;71700;RAINFOREST_RESIN;9996;2;9995;29;;;10004;2;10005;29;;;10000.0;708.0
-1;71800;RAINFOREST_RESIN;10002;1;9996;2;9995;25;10004;2;10005;25;;;10003.0;708.0
-1;71800;KELP;2014;27;;;;;2018;27;;;;;2016.0;-11401.6953125
-1;71900;KELP;2014;26;;;;;2018;26;;;;;2016.0;-11394.9609375
-1;71900;RAINFOREST_RESIN;10002;1;9996;1;9995;25;10004;1;10005;25;;;10003.0;710.0
-1;72000;RAINFOREST_RESIN;9996;1;9995;20;;;10004;1;10005;20;;;10000.0;712.0
-1;72000;KELP;2015;21;;;;;2017;6;2018;21;;;2016.0;-11423.953125
-1;72100;KELP;2014;21;;;;;2016;5;2018;21;;;2015.0;-11403.1484375
-1;72100;RAINFOREST_RESIN;9995;21;;;;;10005;21;;;;;10000.0;712.0
-1;72200;RAINFOREST_RESIN;9996;2;9995;29;;;10004;2;10005;29;;;10000.0;712.0
-1;72200;KELP;2016;3;2014;31;;;2018;31;;;;;2017.0;-11395.2578125
-1;72300;KELP;2014;23;;;;;2018;23;;;;;2016.0;-11404.0859375
-1;72300;RAINFOREST_RESIN;9996;1;9995;22;;;10002;8;10004;1;10005;22;9999.0;712.0
-1;72400;RAINFOREST_RESIN;10002;1;9996;2;9995;20;10004;2;10005;20;;;10003.0;712.0
-1;72400;KELP;2014;22;;;;;2016;6;2018;22;;;2015.0;-11397.65625
-1;72500;KELP;2014;34;;;;;2017;27;;;;;2015.5;-11381.109375
-1;72500;RAINFOREST_RESIN;9996;2;9995;25;;;10004;2;10005;25;;;10000.0;714.0
-1;72600;RAINFOREST_RESIN;9996;2;9995;27;;;10004;2;10005;27;;;10000.0;715.0
-1;72600;KELP;2014;35;;;;;2015;4;2017;29;;;2014.5;-11420.96875
-1;72700;KELP;2014;23;;;;;2017;23;;;;;2015.5;-11416.2578125
-1;72700;RAINFOREST_RESIN;9995;23;;;;;10005;23;;;;;10000.0;715.0
-1;72800;RAINFOREST_RESIN;9995;20;;;;;10005;20;;;;;10000.0;715.0
-1;72800;KELP;2014;20;;;;;2017;20;;;;;2015.5;-11416.82421875
-1;72900;KELP;2014;24;;;;;2017;24;;;;;2015.5;-11416.12890625
-1;72900;RAINFOREST_RESIN;9998;1;9996;2;9995;22;10004;2;10005;22;;;10001.0;715.0
-1;73000;RAINFOREST_RESIN;9996;1;9995;21;;;10002;7;10004;1;10005;21;9999.0;715.0
-1;73000;KELP;2014;21;;;;;2016;2;2017;22;;;2015.0;-11416.24609375
-1;73100;KELP;2014;31;;;;;2017;31;;;;;2015.5;-11414.12109375
-1;73100;RAINFOREST_RESIN;9996;2;9995;29;;;10002;3;10004;2;10005;29;9999.0;715.0
-1;73200;KELP;2014;21;;;;;2017;21;;;;;2015.5;-11412.171875
-1;73200;RAINFOREST_RESIN;9995;21;;;;;10005;21;;;;;10000.0;707.0
-1;73300;RAINFOREST_RESIN;9996;1;9995;29;;;10004;1;10005;29;;;10000.0;707.0
-1;73300;KELP;2014;30;;;;;2017;30;;;;;2015.5;-11410.2734375
-1;73400;RAINFOREST_RESIN;9995;30;;;;;9998;1;10005;30;;;9996.5;707.0
-1;73400;KELP;2014;30;;;;;2016;4;2017;30;;;2015.0;-11411.81640625
-1;73500;KELP;2014;25;;;;;2017;25;;;;;2015.5;-11413.015625
-1;73500;RAINFOREST_RESIN;9996;2;9995;23;;;10004;2;10005;23;;;10000.0;707.0
-1;73600;KELP;2014;25;;;;;2017;25;;;;;2015.5;-11413.3671875
-1;73600;RAINFOREST_RESIN;9996;1;9995;24;;;10004;1;10005;24;;;10000.0;707.0
-1;73700;RAINFOREST_RESIN;9995;24;;;;;10005;24;;;;;10000.0;707.0
-1;73700;KELP;2014;24;;;;;2017;24;;;;;2015.5;-11418.55859375
-1;73800;RAINFOREST_RESIN;9995;24;;;;;10005;24;;;;;10000.0;707.0
-1;73800;KELP;2014;24;;;;;2016;5;2018;24;;;2015.0;-11424.0546875
-1;73900;KELP;2015;27;;;;;2018;30;;;;;2016.5;-11434.4296875
-1;73900;RAINFOREST_RESIN;9995;30;;;;;10005;30;;;;;10000.0;707.0
-1;74000;KELP;2015;26;;;;;2017;3;2018;26;;;2016.0;-11483.5
-1;74000;RAINFOREST_RESIN;10002;1;9998;10;9996;2;10004;2;10005;24;;;10003.0;707.0
